<?xml version="1.0" encoding="UTF-8"?>
<!DOCTYPE html PUBLIC "-//W3C//DTD XHTML 1.0 Transitional//EN"
    "http://www.w3.org/TR/xhtml1/DTD/xhtml1-transitional.dtd">
<html xmlns="http://www.w3.org/1999/xhtml" xml:lang="en" lang="en">
 <head>
  <title>
</title>
<meta http-equiv="Content-Type" content="text/html;charset=utf-8" />
  <meta name='ocr-system' content='tesseract 3.04.00' />
  <meta name='ocr-capabilities' content='ocr_page ocr_carea ocr_par ocr_line ocrx_word'/>
</head>
<body>
  <div class='ocr_page' id='page_1' title='image "./ccorneliitaciti05grongoog_0115.png"; bbox 0 0 1759 2992; ppageno 0'>
   <div class='ocr_carea' id='block_1_1' title="bbox 341 172 1404 257">
    <p class='ocr_par' dir='ltr' id='par_1_1' title="bbox 341 172 1404 257">
     <span class='ocr_line' id='line_1_1' title="bbox 341 172 1404 257; baseline -0.002 -33"><span class='ocrx_word' id='word_1_1' title='bbox 341 172 1250 226; x_wconf 63' lang='lat' dir='ltr'>utstontAtiuMLtn.1v.</span> <span class='ocrx_word' id='word_1_2' title='bbox 1317 178 1404 257; x_wconf 84' lang='lat'>99</span> 
     </span>
    </p>
   </div>
   <div class='ocr_carea' id='block_1_2' title="bbox 130 263 1414 2643">
    <p class='ocr_par' dir='ltr' id='par_1_2' title="bbox 130 263 1414 2643">
     <span class='ocr_line' id='line_1_2' title="bbox 202 263 1404 339; baseline 0.002 -14"><span class='ocrx_word' id='word_1_3' title='bbox 202 263 444 326; x_wconf 72' lang='lat' dir='ltr'>‘sei-ebat.</span> <span class='ocrx_word' id='word_1_4' title='bbox 511 267 727 324; x_wconf 76' lang='lat' dir='ltr'>auditus</span> <span class='ocrx_word' id='word_1_5' title='bbox 753 265 879 324; x_wconf 85' lang='lat' dir='ltr'>ideo</span> <span class='ocrx_word' id='word_1_6' title='bbox 901 279 1141 339; x_wconf 80' lang='lat' dir='ltr'>tantum,</span> <span class='ocrx_word' id='word_1_7' title='bbox 1190 280 1251 325; x_wconf 87' lang='lat' dir='ltr'>ut</span> <span class='ocrx_word' id='word_1_8' title='bbox 1277 269 1404 328; x_wconf 83' lang='lat' dir='ltr'>nos-</span> 
     </span>
     <span class='ocr_line' id='line_1_3' title="bbox 219 350 1406 430; baseline 0.003 -20"><span class='ocrx_word' id='word_1_9' title='bbox 219 369 437 411; x_wconf 84' lang='lat' dir='ltr'>ceretur</span> <span class='ocrx_word' id='word_1_10' title='bbox 453 354 733 430; x_wconf 82' lang='lat' dir='ltr'><strong>ingenium</strong></span> <span class='ocrx_word' id='word_1_11' title='bbox 750 353 894 430; x_wconf 85' lang='lat' dir='ltr'>ejus,</span> <span class='ocrx_word' id='word_1_12' title='bbox 912 350 1304 429; x_wconf 81' lang='lat' dir='ltr'>damnatusque</span> <span class='ocrx_word' id='word_1_13' title='bbox 1320 357 1406 414; x_wconf 89' lang='lat' dir='ltr'>in-</span> 
     </span>
     <span class='ocr_line' id='line_1_4' title="bbox 223 438 1404 518; baseline 0.005 -25"><span class='ocrx_word' id='word_1_14' title='bbox 223 452 311 495; x_wconf 84' lang='lat' dir='ltr'>ter</span> <span class='ocrx_word' id='word_1_15' title='bbox 333 438 504 518; x_wconf 84' lang='lat' dir='ltr'>ipsum</span> <span class='ocrx_word' id='word_1_16' title='bbox 529 438 868 518; x_wconf 85' lang='lat' dir='ltr'>supplicium,</span> <span class='ocrx_word' id='word_1_17' title='bbox 907 439 1265 517; x_wconf 75' lang='lat' dir='ltr'>exprobranti</span> <span class='ocrx_word' id='word_1_18' title='bbox 1292 445 1404 499; x_wconf 84' lang='lat' dir='ltr'>cui·</span> 
     </span>
     <span class='ocr_line' id='line_1_5' title="bbox 221 522 1409 604; baseline 0.003 -23"><span class='ocrx_word' id='word_1_19' title='bbox 221 522 350 582; x_wconf 77' lang='lat' dir='ltr'>dam</span> <span class='ocrx_word' id='word_1_20' title='bbox 392 535 411 558; x_wconf 83' lang='lat'>‘</span> <span class='ocrx_word' id='word_1_21' title='bbox 435 528 666 604; x_wconf 81' lang='lat' dir='ltr'>patriam</span> <span class='ocrx_word' id='word_1_22' title='bbox 695 527 816 603; x_wconf 82' lang='lat' dir='ltr'>ejus</span> <span class='ocrx_word' id='word_1_23' title='bbox 854 541 1093 603; x_wconf 75' lang='lat' dir='ltr'>captam,</span> <span class='ocrx_word' id='word_1_24' title='bbox 1145 527 1409 604; x_wconf 83' lang='lat' dir='ltr'>Accipere</span> 
     </span>
     <span class='ocr_line' id='line_1_6' title="bbox 220 608 1406 691; baseline 0.001 -22"><span class='ocrx_word' id='word_1_25' title='bbox 220 609 243 642; x_wconf 75' lang='lat'><em>⁴</em></span> <span class='ocrx_word' id='word_1_26' title='bbox 268 608 580 672; x_wconf 81' lang='lat' dir='ltr'>sesolatium</span> <span class='ocrx_word' id='word_1_27' title='bbox 599 615 814 671; x_wconf 82' lang='lat' dir='ltr'>mortis’</span> <span class='ocrx_word' id='word_1_28' title='bbox 830 610 1131 691; x_wconf 79' lang='lat' dir='ltr'>respondit.</span> <span class='ocrx_word' id='word_1_29' title='bbox 1166 610 1254 671; x_wconf 89' lang='lat' dir='ltr'>sed</span> <span class='ocrx_word' id='word_1_30' title='bbox 1278 618 1406 671; x_wconf 82' lang='lat' dir='ltr'>Mu·</span> 
     </span>
     <span class='ocr_line' id='line_1_7' title="bbox 217 698 1406 781; baseline 0 -24"><span class='ocrx_word' id='word_1_31' title='bbox 217 698 404 759; x_wconf 79' lang='lat' dir='ltr'>cianus</span> <span class='ocrx_word' id='word_1_32' title='bbox 423 699 573 781; x_wconf 86' lang='lat' dir='ltr'>quod</span> <span class='ocrx_word' id='word_1_33' title='bbox 593 700 685 758; x_wconf 86' lang='lat' dir='ltr'>diu</span> <span class='ocrx_word' id='word_1_34' title='bbox 704 698 1097 766; x_wconf 75' lang='lat' dir='ltr'>occultaverat,</span> <span class='ocrx_word' id='word_1_35' title='bbox 1136 714 1196 775; x_wconf 65' lang='lat' dir='ltr'>ut</span> <span class='ocrx_word' id='word_1_36' title='bbox 1215 706 1406 758; x_wconf 51' lang='lat' dir='ltr'>recent</span> 
     </span>
     <span class='ocr_line' id='line_1_8' title="bbox 218 784 1408 865; baseline 0.003 -23"><span class='ocrx_word' id='word_1_37' title='bbox 218 786 573 865; x_wconf 82' lang='lat' dir='ltr'>exprompfit.</span> <span class='ocrx_word' id='word_1_38' title='bbox 593 786 613 816; x_wconf 88' lang='lat'>‘</span> <span class='ocrx_word' id='word_1_39' title='bbox 628 787 889 864; x_wconf 80' lang='lat' dir='ltr'>quoniam</span> <span class='ocrx_word' id='word_1_40' title='bbox 901 784 1408 859; x_wconf 73' lang='lat' dir='ltr'>benignit&#39;atedesnn</span> 
     </span>
     <span class='ocr_line' id='line_1_9' title="bbox 215 868 1409 947; baseline 0.003 -20"><span class='ocrx_word' id='word_1_41' title='bbox 215 876 234 902; x_wconf 75' lang='lat'>⁸</span> <span class='ocrx_word' id='word_1_42' title='bbox 259 869 455 929; x_wconf 66' lang='lat' dir='ltr'>suetae</span> <span class='ocrx_word' id='word_1_43' title='bbox 495 873 642 930; x_wconf 84' lang='lat' dir='ltr'>vires</span> <span class='ocrx_word' id='word_1_44' title='bbox 673 870 908 928; x_wconf 75' lang='lat' dir='ltr'>hostium</span> <span class='ocrx_word' id='word_1_45' title='bbox 943 868 1165 926; x_wconf 80' lang='lat' dir='ltr'>forent:</span> <span class='ocrx_word' id='word_1_46' title='bbox 1217 890 1409 947; x_wconf 75' lang='lat' dir='ltr'>parum</span> 
     </span>
     <span class='ocr_line' id='line_1_10' title="bbox 215 954 1412 1033; baseline 0.001 -20"><span class='ocrx_word' id='word_1_47' title='bbox 215 963 233 988; x_wconf 86' lang='lat'>‘</span> <span class='ocrx_word' id='word_1_48' title='bbox 260 956 461 1015; x_wconf 84' lang='lat' dir='ltr'>decore</span> <span class='ocrx_word' id='word_1_49' title='bbox 495 956 911 1024; x_wconf 74' lang='lat' dir='ltr'>Domitianum,</span> <span class='ocrx_word' id='word_1_50' title='bbox 950 954 1204 1011; x_wconf 68' lang='lat' dir='ltr'>confeflo</span> <span class='ocrx_word' id='word_1_51' title='bbox 1241 956 1412 1033; x_wconf 72' lang='lat' dir='ltr'>prope</span> 
     </span>
     <span class='ocr_line' id='line_1_11' title="bbox 213 1039 1409 1115; baseline 0.001 -16"><span class='ocrx_word' id='word_1_52' title='bbox 213 1040 235 1073; x_wconf 89' lang='lat'>‘</span> <span class='ocrx_word' id='word_1_53' title='bbox 260 1040 436 1113; x_wconf 81' lang='lat' dir='ltr'>bello,</span> <span class='ocrx_word' id='word_1_54' title='bbox 480 1039 686 1097; x_wconf 81' lang='lat' dir='ltr'>alienae</span> <span class='ocrx_word' id='word_1_55' title='bbox 715 1039 922 1115; x_wconf 84' lang='lat' dir='ltr'>gloriae</span> <span class='ocrx_word' id='word_1_56' title='bbox 944 1039 1409 1100; x_wconf 75' lang='lat' dir='ltr'>interventurum.</span> 
     </span>
     <span class='ocr_line' id='line_1_12' title="bbox 216 1123 1410 1204; baseline 0.002 -19"><span class='ocrx_word' id='word_1_57' title='bbox 216 1127 237 1160; x_wconf 87' lang='lat'>‘</span> <span class='ocrx_word' id='word_1_58' title='bbox 263 1125 303 1185; x_wconf 89' lang='lat' dir='ltr'>fi</span> <span class='ocrx_word' id='word_1_59' title='bbox 333 1124 502 1184; x_wconf 81' lang='lat' dir='ltr'>status</span> <span class='ocrx_word' id='word_1_60' title='bbox 538 1126 771 1204; x_wconf 85' lang='lat' dir='ltr'>imperii,</span> <span class='ocrx_word' id='word_1_61' title='bbox 812 1136 907 1181; x_wconf 87' lang='lat' dir='ltr'>aut</span> <span class='ocrx_word' id='word_1_62' title='bbox 940 1123 1077 1182; x_wconf 77' lang='lat' dir='ltr'>salus</span> <span class='ocrx_word' id='word_1_63' title='bbox 1111 1126 1410 1188; x_wconf 82' lang='lat' dir='ltr'>Galliarum</span> 
     </span>
     <span class='ocr_line' id='line_1_13' title="bbox 215 1209 1409 1284; baseline 0 -12"><span class='ocrx_word' id='word_1_64' title='bbox 215 1212 237 1245; x_wconf 85' lang='lat'>‘</span> <span class='ocrx_word' id='word_1_65' title='bbox 258 1215 320 1272; x_wconf 87' lang='lat' dir='ltr'>in</span> <span class='ocrx_word' id='word_1_66' title='bbox 347 1211 632 1273; x_wconf 82' lang='lat' dir='ltr'>discrimen</span> <span class='ocrx_word' id='word_1_67' title='bbox 661 1224 978 1284; x_wconf 81' lang='lat' dir='ltr'>verteretur,</span> <span class='ocrx_word' id='word_1_68' title='bbox 1019 1209 1254 1271; x_wconf 70' lang='lat' dir='ltr'>debuisse</span> <span class='ocrx_word' id='word_1_69' title='bbox 1272 1219 1409 1273; x_wconf 86' lang='lat' dir='ltr'>Cae·</span> 
     </span>
     <span class='ocr_line' id='line_1_14' title="bbox 211 1292 1407 1359; baseline 0.001 -1"><span class='ocrx_word' id='word_1_70' title='bbox 211 1297 232 1331; x_wconf 83' lang='lat'>‘</span> <span class='ocrx_word' id='word_1_71' title='bbox 257 1292 427 1358; x_wconf 80' lang='lat' dir='ltr'>sarem</span> <span class='ocrx_word' id='word_1_72' title='bbox 449 1299 509 1357; x_wconf 88' lang='lat' dir='ltr'>in</span> <span class='ocrx_word' id='word_1_73' title='bbox 535 1299 648 1357; x_wconf 87' lang='lat' dir='ltr'>acie</span> <span class='ocrx_word' id='word_1_74' title='bbox 666 1298 826 1358; x_wconf 82' lang='lat' dir='ltr'>stare:</span> <span class='ocrx_word' id='word_1_75' title='bbox 876 1296 1226 1357; x_wconf 86' lang='lat' dir='ltr'>Caninefates</span> <span class='ocrx_word' id='word_1_76' title='bbox 1245 1305 1407 1359; x_wconf 82' lang='lat' dir='ltr'>Bata-</span> 
     </span>
     <span class='ocr_line' id='line_1_15' title="bbox 216 1383 1405 1461; baseline 0.004 -19"><span class='ocrx_word' id='word_1_77' title='bbox 216 1389 234 1414; x_wconf 87' lang='lat'>‘</span> <span class='ocrx_word' id='word_1_78' title='bbox 261 1384 470 1460; x_wconf 84' lang='lat' dir='ltr'>vosque</span> <span class='ocrx_word' id='word_1_79' title='bbox 488 1387 791 1443; x_wconf 74' lang='lat' dir='ltr'>minoribus</span> <span class='ocrx_word' id='word_1_80' title='bbox 807 1383 1037 1442; x_wconf 85' lang='lat' dir='ltr'>ducibus</span> <span class='ocrx_word' id='word_1_81' title='bbox 1054 1383 1405 1461; x_wconf 81' lang='lat' dir='ltr'>delegandos,</span> 
     </span>
     <span class='ocr_line' id='line_1_16' title="bbox 220 1464 1407 1548; baseline 0.002 -21"><span class='ocrx_word' id='word_1_82' title='bbox 220 1464 240 1498; x_wconf 90' lang='lat'>‘</span> <span class='ocrx_word' id='word_1_83' title='bbox 266 1466 378 1547; x_wconf 88' lang='lat' dir='ltr'>ipse</span> <span class='ocrx_word' id='word_1_84' title='bbox 402 1469 661 1544; x_wconf 81' lang='lat' dir='ltr'>Lugduni</span> <span class='ocrx_word' id='word_1_85' title='bbox 693 1472 807 1527; x_wconf 86' lang='lat' dir='ltr'>vim</span> <span class='ocrx_word' id='word_1_86' title='bbox 831 1466 1219 1547; x_wconf 84' lang='lat' dir='ltr'>fortunamque</span> <span class='ocrx_word' id='word_1_87' title='bbox 1253 1472 1407 1548; x_wconf 84' lang='lat' dir='ltr'>prin-</span> 
     </span>
     <span class='ocr_line' id='line_1_17' title="bbox 218 1550 1408 1632; baseline 0.001 -22"><span class='ocrx_word' id='word_1_88' title='bbox 218 1550 239 1583; x_wconf 84' lang='lat'>‘</span> <span class='ocrx_word' id='word_1_89' title='bbox 265 1555 477 1631; x_wconf 82' lang='lat' dir='ltr'>cipatus</span> <span class='ocrx_word' id='word_1_90' title='bbox 493 1572 522 1609; x_wconf 93' lang='lat' dir='ltr'>e</span> <span class='ocrx_word' id='word_1_91' title='bbox 538 1555 797 1632; x_wconf 83' lang='lat' dir='ltr'>proximo</span> <span class='ocrx_word' id='word_1_92' title='bbox 815 1552 1127 1625; x_wconf 84' lang='lat' dir='ltr'>ostentaret,</span> <span class='ocrx_word' id='word_1_93' title='bbox 1159 1575 1258 1613; x_wconf 87' lang='lat' dir='ltr'>nee</span> <span class='ocrx_word' id='word_1_94' title='bbox 1281 1576 1408 1629; x_wconf 82' lang='lat' dir='ltr'>par-</span> 
     </span>
     <span class='ocr_line' id='line_1_18' title="bbox 219 1637 1411 1717; baseline 0 -18"><span class='ocrx_word' id='word_1_95' title='bbox 219 1637 241 1669; x_wconf 89' lang='lat'>‘</span> <span class='ocrx_word' id='word_1_96' title='bbox 266 1641 352 1699; x_wconf 88' lang='lat' dir='ltr'>vis</span> <span class='ocrx_word' id='word_1_97' title='bbox 386 1638 644 1717; x_wconf 84' lang='lat' dir='ltr'>periculis</span> <span class='ocrx_word' id='word_1_98' title='bbox 686 1639 992 1708; x_wconf 84' lang='lat' dir='ltr'>immixtus,</span> <span class='ocrx_word' id='word_1_99' title='bbox 1037 1653 1091 1696; x_wconf 88' lang='lat' dir='ltr'>et</span> <span class='ocrx_word' id='word_1_100' title='bbox 1114 1638 1411 1714; x_wconf 82' lang='lat' dir='ltr'>majoribus</span> 
     </span>
     <span class='ocr_line' id='line_1_19' title="bbox 130 1717 1408 1800; baseline 0.002 -18"><span class='ocrx_word' id='word_1_101' title='bbox 130 1717 212 1783; x_wconf 84' lang='lat'>86</span> <span class='ocrx_word' id='word_1_102' title='bbox 226 1725 245 1760; x_wconf 86' lang='lat'>‘</span> <span class='ocrx_word' id='word_1_103' title='bbox 268 1745 384 1786; x_wconf 92' lang='lat' dir='ltr'>non</span> <span class='ocrx_word' id='word_1_104' title='bbox 400 1722 726 1783; x_wconf 58' lang='lat' dir='ltr'>defuturus?</span> <span class='ocrx_word' id='word_1_105' title='bbox 772 1723 1219 1800; x_wconf 80' lang='lat' dir='ltr'>Intelligebantur</span> <span class='ocrx_word' id='word_1_106' title='bbox 1234 1738 1372 1782; x_wconf 78' lang='lat' dir='ltr'>artes</span> <span class='ocrx_word' id='word_1_107' title='bbox 1391 1746 1408 1784; x_wconf 71' lang='grc' dir='ltr'><em>ε</em></span> 
     </span>
     <span class='ocr_line' id='line_1_20' title="bbox 216 1809 1408 1893; baseline 0 -22"><span class='ocrx_word' id='word_1_108' title='bbox 216 1812 302 1872; x_wconf 86' lang='lat' dir='ltr'>sed</span> <span class='ocrx_word' id='word_1_109' title='bbox 327 1831 450 1893; x_wconf 82' lang='lat' dir='ltr'><strong>pars</strong></span> <span class='ocrx_word' id='word_1_110' title='bbox 478 1809 723 1891; x_wconf 83' lang='lat' dir='ltr'>obsequii</span> <span class='ocrx_word' id='word_1_111' title='bbox 747 1812 806 1869; x_wconf 86' lang='lat' dir='ltr'>in</span> <span class='ocrx_word' id='word_1_112' title='bbox 826 1831 915 1885; x_wconf 83' lang='lat' dir='ltr'>eo,</span> <span class='ocrx_word' id='word_1_113' title='bbox 956 1830 1023 1868; x_wconf 91' lang='lat' dir='ltr'>ne</span> <span class='ocrx_word' id='word_1_114' title='bbox 1041 1809 1408 1889; x_wconf 84' lang='lat' dir='ltr'>deprehende-</span> 
     </span>
     <span class='ocr_line' id='line_1_21' title="bbox 218 1897 1407 1974; baseline -0.001 -15"><span class='ocrx_word' id='word_1_115' title='bbox 218 1916 447 1969; x_wconf 82' lang='lat' dir='ltr'>rentur;</span> <span class='ocrx_word' id='word_1_116' title='bbox 495 1899 573 1956; x_wconf 88' lang='lat' dir='ltr'>ita</span> <span class='ocrx_word' id='word_1_117' title='bbox 599 1897 931 1974; x_wconf 87' lang='lat' dir='ltr'>Lugdunum</span> <span class='ocrx_word' id='word_1_118' title='bbox 963 1912 1212 1956; x_wconf 89' lang='lat' dir='ltr'>ventum.</span> <span class='ocrx_word' id='word_1_119' title='bbox 1259 1898 1407 1958; x_wconf 90' lang='lat' dir='ltr'>unde</span> 
     </span>
     <span class='ocr_line' id='line_1_22' title="bbox 218 1981 1408 2058; baseline -0.002 -14"><span class='ocrx_word' id='word_1_120' title='bbox 218 1986 458 2044; x_wconf 84' lang='lat' dir='ltr'>creditur</span> <span class='ocrx_word' id='word_1_121' title='bbox 484 1986 865 2058; x_wconf 60' lang='lat' dir='ltr'>Domitianus„</span> <span class='ocrx_word' id='word_1_122' title='bbox 907 1982 1136 2045; x_wconf 78' lang='lat' dir='ltr'>occultis</span> <span class='ocrx_word' id='word_1_123' title='bbox 1161 1981 1228 2041; x_wconf 83' lang='lat' dir='ltr'>ad</span> <span class='ocrx_word' id='word_1_124' title='bbox 1255 1988 1408 2042; x_wconf 89' lang='lat' dir='ltr'>Ceri-</span> 
     </span>
     <span class='ocr_line' id='line_1_23' title="bbox 220 2066 1409 2144; baseline 0.001 -17"><span class='ocrx_word' id='word_1_125' title='bbox 220 2073 358 2127; x_wconf 83' lang='lat' dir='ltr'>alem</span> <span class='ocrx_word' id='word_1_126' title='bbox 384 2071 621 2140; x_wconf 84' lang='lat' dir='ltr'>nuntiis,</span> <span class='ocrx_word' id='word_1_127' title='bbox 644 2069 805 2127; x_wconf 84' lang='lat' dir='ltr'>fidem</span> <span class='ocrx_word' id='word_1_128' title='bbox 830 2070 949 2144; x_wconf 86' lang='lat' dir='ltr'>ejus</span> <span class='ocrx_word' id='word_1_129' title='bbox 968 2066 1275 2138; x_wconf 70' lang='lat' dir='ltr'>tentavisse,</span> <span class='ocrx_word' id='word_1_130' title='bbox 1300 2071 1318 2099; x_wconf 90' lang='lat'>‘</span> <span class='ocrx_word' id='word_1_131' title='bbox 1338 2089 1409 2128; x_wconf 86' lang='lat' dir='ltr'>an</span> 
     </span>
     <span class='ocr_line' id='line_1_24' title="bbox 222 2151 1412 2230; baseline 0 -20"><span class='ocrx_word' id='word_1_132' title='bbox 222 2153 244 2185; x_wconf 86' lang='lat'>‘</span> <span class='ocrx_word' id='word_1_133' title='bbox 274 2151 541 2230; x_wconf 79' lang='lat' dir='ltr'>praesenti</span> <span class='ocrx_word' id='word_1_134' title='bbox 571 2152 663 2210; x_wconf 83' lang='lat' dir='ltr'>fibi</span> <span class='ocrx_word' id='word_1_135' title='bbox 689 2155 989 2211; x_wconf 85' lang='lat' dir='ltr'>exercitum</span> <span class='ocrx_word' id='word_1_136' title='bbox 1014 2153 1412 2229; x_wconf 80' lang='lat' dir='ltr'>imperiumque</span> 
     </span>
     <span class='ocr_line' id='line_1_25' title="bbox 218 2234 1414 2314; baseline 0 -19"><span class='ocrx_word' id='word_1_137' title='bbox 218 2237 244 2270; x_wconf 82' lang='lat'>&#39;‘</span> <span class='ocrx_word' id='word_1_138' title='bbox 270 2235 568 2295; x_wconf 80' lang='lat' dir='ltr'>traditurus</span> <span class='ocrx_word' id='word_1_139' title='bbox 592 2234 735 2294; x_wconf 87' lang='lat' dir='ltr'>foret</span> <span class='ocrx_word' id='word_1_140' title='bbox 750 2238 789 2304; x_wconf 88' lang='lat'>;’</span> <span class='ocrx_word' id='word_1_141' title='bbox 814 2254 924 2314; x_wconf 86' lang='lat' dir='ltr'>qua</span> <span class='ocrx_word' id='word_1_142' title='bbox 947 2237 1283 2310; x_wconf 82' lang='lat' dir='ltr'>cogitatione</span> <span class='ocrx_word' id='word_1_143' title='bbox 1296 2237 1414 2295; x_wconf 88' lang='lat' dir='ltr'>bel·</span> 
     </span>
     <span class='ocr_line' id='line_1_26' title="bbox 224 2319 1412 2402; baseline -0.002 -19"><span class='ocrx_word' id='word_1_144' title='bbox 224 2323 339 2383; x_wconf 82' lang='lat' dir='ltr'>lum</span> <span class='ocrx_word' id='word_1_145' title='bbox 360 2319 613 2380; x_wconf 75' lang='lat' dir='ltr'>adversus</span> <span class='ocrx_word' id='word_1_146' title='bbox 632 2338 838 2399; x_wconf 84' lang='lat' dir='ltr'>patrem</span> <span class='ocrx_word' id='word_1_147' title='bbox 852 2322 1169 2396; x_wconf 80' lang='lat' dir='ltr'>agitaverit3</span> <span class='ocrx_word' id='word_1_148' title='bbox 1190 2341 1258 2378; x_wconf 89' lang='lat' dir='ltr'>an</span> <span class='ocrx_word' id='word_1_149' title='bbox 1277 2342 1412 2402; x_wconf 82' lang='lat' dir='ltr'>opes</span> 
     </span>
     <span class='ocr_line' id='line_1_27' title="bbox 224 2405 1412 2487; baseline 0 -18"><span class='ocrx_word' id='word_1_150' title='bbox 224 2407 471 2487; x_wconf 80' lang='lat' dir='ltr'>viresque</span> <span class='ocrx_word' id='word_1_151' title='bbox 489 2405 739 2465; x_wconf 81' lang='lat' dir='ltr'>adversus</span> <span class='ocrx_word' id='word_1_152' title='bbox 756 2405 997 2480; x_wconf 82' lang='lat' dir='ltr'>fratrem,</span> <span class='ocrx_word' id='word_1_153' title='bbox 1020 2407 1077 2465; x_wconf 89' lang='lat' dir='ltr'>in</span> <span class='ocrx_word' id='word_1_154' title='bbox 1097 2408 1307 2469; x_wconf 82' lang='lat' dir='ltr'>incerto</span> <span class='ocrx_word' id='word_1_155' title='bbox 1324 2409 1412 2470; x_wconf 85' lang='lat' dir='ltr'>fu-</span> 
     </span>
     <span class='ocr_line' id='line_1_28' title="bbox 224 2492 1411 2576; baseline 0.001 -18"><span class='ocrx_word' id='word_1_156' title='bbox 224 2497 305 2573; x_wconf 86' lang='lat' dir='ltr'>it;</span> <span class='ocrx_word' id='word_1_157' title='bbox 356 2515 485 2558; x_wconf 85' lang='lat' dir='ltr'>nam</span> <span class='ocrx_word' id='word_1_158' title='bbox 516 2493 742 2555; x_wconf 83' lang='lat' dir='ltr'>Cerialis</span> <span class='ocrx_word' id='word_1_159' title='bbox 764 2492 959 2553; x_wconf 83' lang='lat' dir='ltr'>salubri</span> <span class='ocrx_word' id='word_1_160' title='bbox 982 2509 1411 2576; x_wconf 85' lang='lat' dir='ltr'>temperamento</span> 
     </span>
     <span class='ocr_line' id='line_1_29' title="bbox 758 2585 893 2643; baseline 0.022 -3"><span class='ocrx_word' id='word_1_161' title='bbox 758 2585 805 2640; x_wconf 89' lang='grc' dir='ltr'>Ε</span> <span class='ocrx_word' id='word_1_162' title='bbox 857 2600 893 2643; x_wconf 89' lang='lat'>2</span> 
     </span>
    </p>
   </div>
  </div>
 </body>
</html>
