1759 2992
424 151 614 199 ιιι-ι·
635 151 734 200 οι
755 150 1019 199 utun
1067 154 1207 203 ιιι.
1246 157 1342 203 ιν.
1425 152 1507 226 13

293 235 325 276 ⁴
354 254 727 324 paupertatem
750 239 945 322 questi,
966 240 1193 305 modum
1208 242 1503 326 impenfis’

296 325 727 411 postulaverant.
773 348 893 389 eam
915 349 1098 391 curam
1114 328 1305 392 consul
1328 329 1501 412 defig-

295 428 485 491 imus,
512 417 589 476 ob
621 414 1052 492 magnitudinem
1082 418 1294 494 oneris,
1326 432 1385 478 et
1412 439 1498 480 re·

296 500 463 563 medii
488 500 890 577 difficultatem,
909 504 1148 585 principi
1170 500 1495 566 reservabat.

295 586 594 649 Helvidius
635 593 653 620 ‘
678 590 905 649 arbitrio
941 586 1156 650 leuatus
1195 590 1467 670 agendum
1482 593 1501 621 '

283 672 531 734 censuit.
555 693 681 734 cum
692 691 1049 755 perrogarent
1059 673 1351 737 sententias
1361 697 1501 739 con·

297 757 476 835 sules,
515 759 813 820 Vulcatius
846 761 1205 825 Tertullinus
1239 764 1497 826 tribunus

300 846 477 925 plebis
501 847 813 916 interceffit‚
855 846 876 880 ‘
896 868 978 925 pe
1005 847 1144 928 quid
1166 846 1322 928 super
1342 864 1499 912 tanta

303 929 326 963 ‘
350 950 435 1003 re,
450 932 699 1010 principe
714 930 1312 1006 absente,statueretur;
1326 936 1344 963 ’
1366 955 1499 996 cen·

302 1012 480 1076 suerat
492 1015 805 1090 Helvidius,
828 1022 846 1048 ‘
857 1033 920 1076 ut
932 1018 1265 1099 Capitolium
1284 1020 1500 1097 publice

298 1102 323 1137 ¹
353 1100 743 1177 restitueretur,
773 1103 1061 1181 adjuvaret
1085 1102 1498 1186 Vespasium&

291 1210 414 1251 eam
426 1188 748 1250 sententiam
765 1189 1175 1252 modestiffimus
1188 1191 1417 1274 quisque
1425 1192 1493 1254 fi·

288 1277 489 1353 lentio,
515 1277 712 1338 deinde
734 1278 947 1338 oblivio
971 1275 1280 1339 transmisit.
1319 1280 1491 1351 fuere,

209 1372 235 1417 ι
249 1366 397 1443 oqui
423 1380 479 1423 et
499 1362 880 1424 meminiffeut.
963 1370 1117 1424 Tum
1142 1369 1390 1428 invectus
1415 1365 1491 1427 est

291 1447 584 1509 Musonius
604 1450 783 1508 Rufus
809 1453 871 1508 in
904 1449 925 1482 ‘
944 1451 1193 1512 Publium
1218 1453 1490 1529 Celerem,

294 1538 314 1566 ‘
340 1554 371 1593 a
404 1553 521 1612 quo
541 1539 763 1593 Baream
782 1542 1049 1595 Soranum
1082 1535 1215 1597 falso
1249 1537 1488 1599 testimo·

293 1619 316 1653 ‘
337 1621 1188 1697 niocircumventum²arguebat.
1221 1629 1485 1703 eacogni·

287 1707 448 1766 tione
471 1708 724 1766 renovari
749 1705 878 1765 odia
901 1702 1303 1771 accusationum
1331 1712 1484 1773 vide-

285 1794 513 1853 bantur.
564 1791 653 1852 sed
668 1791 794 1852 vilis
811 1808 869 1852 et
879 1813 1087 1855 nocens
1108 1817 1252 1873 reus,
1266 1802 1484 1880 protegi

286 1900 411 1940 non
444 1894 678 1959 poterat.
730 1882 935 1960 quippe
954 1885 1146 1943 Sorani
1169 1884 1347 1947 sancta
1362 1907 1481 1946 me·

284 1968 486 2025 moriat
525 1966 680 2026 Celer
701 1964 964 2046 proseffiis
987 1966 1329 2052 sapientiam,
1348 1973 1480 2033 dein

283 2051 434 2113 testis
459 2054 520 2111 in
534 2057 777 2127 Baream,
803 2053 1057 2133 proditor
1075 2074 1483 2138 corruptorque

287 2139 450 2198 amici
469 2181 486 2208 ,
537 2154 592 2197 et
630 2139 788 2216 cujus
832 2137 887 2200 se
915 2141 1224 2218 magistrum
1257 2143 1481 2205 ferebat.

289 2227 583 2307 proximus
619 2224 734 2284 dies
770 2225 975 2285 eauffae
1010 2227 1324 2288 destinatur.
1375 2250 1483 2289 nec

289 2325 403 2370 tam
421 2307 706 2370 Musonius
721 2328 816 2370 aut
833 2313 1079 2388 Publius,
1094 2333 1257 2392 quam
1274 2313 1484 2374 Priscus

290 2411 347 2456 et
370 2396 687 2473 Marcellus,
712 2399 992 2476 ceterique
1020 2402 1187 2459 motis
1218 2400 1286 2460 ad
1315 2400 1486 2459 ultio·

210 2500 240 2550 1
256 2502 281 2550 ι
300 2503 430 2547 nem
452 2484 677 2563 animis,
701 2480 1167 2565 exspectabantur.
1243 2485 1377 2546 'ran
1398 2504 1485 2540 re·
