1759 2992
390 69 502 129 192
593 62 1366 109 e.coRNEt.11TAc1·rt

370 145 691 228 praefectus,
706 148 1096 224 incorruptum
1119 144 1246 205 facti
1263 145 1443 207 testem
1455 149 1557 207 ha·

371 235 549 292 bebat.
593 231 736 311 apud
753 229 1018 310 quosdam
1042 232 1326 291 ‘acerbior
1340 235 1396 291 in
1417 253 1553 293 con·

370 319 391 356 ‘
416 320 574 377 viciis
591 320 963 390 ’narrabatur‚
985 331 1049 375 ut
1070 319 1237 375 bonis
1261 320 1454 391 comis,
1476 320 1554 380 ita

371 401 624 464 adversus
647 404 816 462 maios
832 403 1201 480 injucundus;
1226 418 1467 463 ceterum
1482 421 1557 464 ex

369 490 647 550 iracundia
662 488 800 547 nihil
817 486 1088 568 supererat
1105 511 1123 558 ;
1144 486 1405 548 secretum
1422 505 1479 548 et
1492 486 1557 549 st·

368 576 599 636 lentium
615 575 736 652 ejus
754 594 870 633 non
890 575 1104 634 timeres
1120 597 1137 643 3
1159 573 1437 634 honestius
1453 595 1558 654 pu-

368 663 520 720 tabat
550 658 851 733 offendere,
878 680 1039 739 quam
1063 657 1246 719 odisse.
1334 665 1548 739 Qarta
1563 680 1639 739 23

367 745 536 805 aestas
572 746 890 807 obtinendis
923 766 1059 824 quae
1092 762 1427 824 percurrerat
1462 748 1555 805 in-

369 830 616 912 sumpta;
649 852 712 891 ac
733 831 771 890 fi
795 835 972 891 virtus
993 832 1330 891 exercituum
1351 846 1405 890 et
1431 833 1555 891 Ro-

365 921 513 978 mani
533 921 773 976 nominis
788 918 960 993 gloria
975 931 1269 996 pateretur,
1291 919 1553 977 inventus

365 1005 428 1063 in
459 1003 571 1082 ipsa
595 1007 871 1061 Britannia
894 1004 1180 1062 terminus·
1229 1022 1357 1061 nam
1381 1003 1552 1066 Glota

364 1105 419 1146 et
447 1086 708 1146 Bodotria
729 1084 922 1144 diverfi
958 1089 1122 1145 maris
1144 1086 1283 1145 aestu
1320 1107 1421 1164 per
1445 1091 1550 1148 im-

361 1170 604 1230 mensum
625 1172 822 1228 revesti
839 1210 859 1242 ,
888 1168 1114 1244 angusto
1137 1185 1401 1230 terrarum
1427 1172 1550 1249 spa·

360 1259 441 1314 tio
461 1255 824 1324 dirimuntur3
851 1254 1002 1331 quod
1023 1269 1144 1313 tum
1161 1254 1432 1334 praesidiis
1449 1257 1550 1316 fir-

357 1342 634 1400 mabatur:
658 1356 823 1418 atque
840 1343 1024 1399 omnis
1048 1342 1273 1420 propior
1295 1340 1442 1400 smus
1463 1358 1547 1402 te-

358 1428 612 1498 nebatur,
649 1425 934 1485 summotis
957 1426 1185 1493 velutin
1206 1426 1369 1487 aliam
1393 1426 1544 1488 insu·

359 1512 466 1574 lam
500 1511 768 1572 hostibus.
867 1515 1080 1589 Qinto
1119 1512 1531 1589 expeditionum
1551 1538 1625 1595 24

309 1627 313 1638 ¹
359 1620 514 1659 anno
535 1620 677 1657 nave
709 1599 882 1677 prima
901 1596 1254 1674 transgressus
1273 1641 1291 1666 ,
1320 1602 1543 1674 ignotas

359 1684 424 1744 ad
466 1684 522 1742 id
560 1699 773 1763 tempus
816 1698 1000 1759 gentes
1044 1686 1247 1741 crebris
1287 1683 1440 1743 simul
1476 1707 1545 1746 ac

354 1767 624 1848 prosperis
652 1769 874 1847 proeliis
891 1768 1140 1826 domuit:
1163 1788 1393 1848 eamque
1415 1790 1538 1849 par·

355 1870 462 1912 tem
488 1854 801 1911 Britanniae
823 1872 963 1931 quae
980 1854 1302 1913 Hiberniam
1326 1852 1537 1933 aspicit,

354 1941 528 2018 copiis
548 1937 822 2006 instruxit,
849 1941 905 1996 in
925 1935 1067 2016 spem
1085 1941 1260 2016 magis
1280 1960 1441 2019 quam
1457 1944 1537 2001 ob

353 2023 700 2084 formidinem
725 2047 744 2097 ς
779 2023 1038 2102 liquidem
1062 2026 1327 2084 Hibernia
1347 2024 1535 2084 medio

354 2113 499 2173 inter
520 2113 851 2169 Britanniam
882 2126 1045 2189 atque
1075 2110 1391 2188 Hispaniam
1415 2108 1544 2184 fita,'

354 2212 411 2253 et
434 2195 644 2255 Gallica
664 2216 887 2275 quoque
906 2199 1041 2255 mari
1063 2213 1374 2276 opportuna
1391 2238 1409 2267 ,
1433 2217 1536 2255 va-

352 2280 686 2341 lentissimam
718 2284 926 2360 imperii
956 2296 1162 2361 partem
1192 2284 1405 2358 magnis
1445 2284 1533 2340 in-

353 2365 528 2425 vicem
551 2364 727 2428 ufibns
750 2367 1045 2430 miscuerit.
1092 2364 1457 2450 spatiumejus
1489 2365 1533 2428 fi
