1759 2992
373 136 491 194 qut
529 137 894 182 Mortuus
938 137 1185 182 onitu.
1286 139 1408 203 145

144 235 169 280 1
181 232 215 297 9
228 222 377 298 Ergo
395 219 545 300 septa
565 221 830 300 pudicitia
846 239 1038 302 agunt,
1069 223 1236 284 nullis
1260 222 1409 304 spec-

221 308 532 367 taculorum
569 307 836 368 illecebris
852 348 873 385 ,
913 308 1083 368 nullis
1110 311 1408 372 convivio·

219 412 344 451 rum
390 395 793 454 irritationibus
826 410 1139 475 corruptae.
1201 397 1409 457 littera·
1483 468 1490 483 ,

220 497 348 537 rum
373 477 574 539 secreta
594 481 703 540 viri
726 482 932 561 pariter
966 501 1031 543 ac
1057 483 1292 544 feminae
1329 485 1411 560 ig-

217 578 450 624 norant.
517 567 819 644 paucissima
856 568 918 627 in
965 583 1078 628 tam
1118 569 1409 632 numerosa

217 663 386 726 gente
419 651 681 713 adulteria
697 696 720 729 ‚
759 673 998 733 quorum
1036 676 1214 736 poena
1251 677 1406 738 prae·

217 733 363 806 seris,
393 751 450 797 et
469 741 683 799 maritis
705 739 975 820 permissa.
1032 742 1214 802 accifis
1237 744 1407 803 crini-

218 823 327 881 bus
352 823 613 884 nudatam
649 845 840 885 coram
863 828 1192 907 propinquis
1220 829 1407 908 expel-

219 906 288 964 lit
309 903 482 967 Homo
498 910 725 968 maritus
733 949 752 983 ,
780 932 844 970 ac
866 931 963 988 per
978 932 1199 975 omnem
1223 917 1409 976 vicum

221 992 448 1050 verbere
465 994 575 1070 agit
590 1015 609 1066 3
636 995 939 1073 publicatae
954 999 1098 1055 enim
1118 997 1408 1077 pudicitiae

219 1076 376 1137 nulla
392 1080 583 1151 venia3
601 1100 715 1139 non
731 1078 931 1156 forma,
947 1102 1065 1143 non
1082 1100 1273 1162 aetate,
1286 1106 1408 1146 non

217 1165 419 1242 opibus
439 1167 692 1227 maritum
714 1168 1007 1229 invenerit.
1065 1191 1231 1232 nemo
1254 1175 1407 1235 enim

213 1250 330 1312 illic
359 1253 493 1311 vitia
511 1254 680 1314 ridet:
708 1275 811 1315 nee
834 1276 1182 1339 corrumpere
1201 1276 1257 1320 et
1275 1282 1405 1322 cor·

213 1340 436 1416 rumpi,
462 1337 726 1400 saeculum
751 1359 1020 1404 vocatur:
1057 1347 1255 1406 meiius
1277 1351 1403 1427 qui·

214 1419 340 1478 dem
366 1422 542 1483 adhuc
562 1447 658 1483 eae
678 1430 946 1496 civitateS,
974 1432 1035 1489 in
1057 1434 1255 1510 quibus
1279 1448 1403 1491 tan-

215 1518 337 1564 tum
357 1509 598 1584 virgines
622 1514 865 1588 nubum,
891 1529 946 1571 et
964 1536 1093 1575 cum
1125 1515 1218 1594 spe
1236 1534 1405 1577 voto-

215 1609 325 1668 que
344 1594 535 1651 uxoris
559 1592 717 1655 semel
739 1597 1072 1675 tranfigitur.
1133 1599 1204 1660 fic
1226 1623 1404 1664 unum

210 1679 494 1758 accipiunt
504 1683 758 1743 maritum
763 1685 1082 1763 ,quomodo
1097 1706 1269 1748 unum
1286 1709 1401 1748 cor-

209 1783 339 1840 puS,
378 1785 653 1846 unamque
674 1770 867 1845 vitam,
902 1792 973 1829 ne
1007 1772 1115 1834 ulla
1134 1777 1401 1855 cogitatio

208 1850 369 1920 ultra,
390 1873 460 1911 ne
475 1852 701 1934 longior
715 1857 1011 1938 cupiditas»,
1032 1881 1101 1919 ne
1118 1877 1398 1943 tamquam

206 1940 488 2013 maritum,
534 1939 622 2000 sed
664 1942 942 2023 tamquam
978 1951 1398 2010 matrimonium

208 2040 416 2083 ament.
467 2046 756 2087 numerum
779 2030 1070 2091 liberorum
1096 2035 1277 2108 finire,
1305 2054 1400 2095 aut

135 2156 140 2163 ,
206 2125 537 2187 quemquam
561 2132 632 2171 ex
646 2117 859 2188 agnatis
889 2138 1104 2191 necare,
1127 2122 1397 2195 flagitium

207 2192 465 2262 habetur3
496 2193 716 2273 plusque
731 2200 808 2256 ibi
832 2202 969 2258 boni
985 2223 1166 2261 mores
1181 2205 1343 2265 valen
1352 2222 1397 2279 t,

125 2295 385 2354 20quam
411 2279 537 2335 aiibi
560 2281 739 2339 bonae
760 2281 928 2361 leges·
1016 2294 1083 2345 In
1105 2293 1262 2349 omni
1296 2291 1400 2351 do-

203 2382 300 2421 mo
318 2362 450 2421 nudi
466 2384 531 2423 ac
553 2364 780 2443 sordidi,
810 2373 868 2427 in
880 2374 983 2431 hos
1000 2388 1169 2450 artuS,
1185 2379 1242 2436 in
1261 2380 1395 2441 haec

204 2470 463 2529 corpora,
479 2472 620 2531 quae
637 2456 920 2536 miramur,
938 2460 1273 2529 excrescunt.
1303 2465 1392 2528 sua

296 2542 478 2599 ToM.
504 2560 596 2600 iv.
750 2597 760 2615 ι
814 2551 864 2602 G
