1759 2992
577 158 1027 201 unrocus.
1292 156 1407 214 257

225 260 336 320 que
354 253 662 318 temporum
691 240 1000 301 nostrorum
1026 241 1270 299 actores*
1259 254 1333 299 uta
1351 259 1414 298 u·

227 333 446 397 tuntur,
470 343 530 384 ut
552 326 768 385 lascivia
783 328 1094 397 verborum,
1122 341 1176 383 et
1190 315 1415 384 levitate

227 409 641 484 sententiarum,
670 428 725 470 et
740 413 961 471 licentia
975 410 1412 491 compositionis,

227 478 567 556 histrionales
602 497 808 557 modos
841 499 1188 576 exprimant3
1232 496 1413 578 quod-

227 600 338 659 que
358 583 458 642 vix
484 584 671 644 auditu
693 582 777 643 fas
798 582 902 644 effe
923 583 1134 659 debeat,
1158 582 1336 642 laudis
1358 597 1415 644 et

213 665 431 743 ‘gloriae
450 685 502 728 et
526 671 728 748 ingenii
758 671 886 729 loco
916 670 1159 748 plerique
1173 669 1413 746 jactant,

225 751 247 784 ‘
264 756 483 813 cantari
491 753 781 834 saltarique
795 756 1224 815 commentarios
1244 751 1411 813 suos!

225 838 677 898 undeoritnr-ffla
697 840 858 899 foeda
868 855 927 898 et
946 837 1301 917 praepostera,
1324 836 1415 897 sed

228 936 415 980 tamen
442 922 702 1001 frequens
724 923 1043 1002 quibusdam
1068 923 1417 997 exclamatio,

229 1020 296 1065 ut
319 1005 338 1037 ‘
355 1020 601 1067 oratores
619 1006 791 1068 nostri
813 1024 1000 1067 tenere
1020 1006 1216 1081 dicere,
1238 1004 1416 1066 histri-

230 1092 253 1125 ‘
268 1111 408 1152 ones
422 1091 618 1153 diserte
633 1092 845 1154 saltare'
855 1090 1128 1155 dicantur.
1160 1091 1413 1172 equidem

228 1198 350 1243 non
368 1181 678 1257 negaverim
699 1180 928 1242 Caffium
945 1188 1225 1254 Severum,
1248 1195 1415 1257 quem

225 1263 401 1326 solum
425 1273 573 1347 Aper
587 1266 769 1328 noster
785 1268 1069 1329 nominare
1085 1263 1241 1327 ausus
1256 1263 1349 1334 est,
1373 1262 1415 1325 fi

227 1352 316 1410 his
333 1368 676 1431 comparetur
691 1356 788 1434 qui
807 1354 985 1432 postea
1002 1352 1242 1427 fuerunt,
1263 1349 1415 1431 posse

228 1451 507 1495 oratorem
527 1441 736 1509 vocari,
766 1457 1097 1516 quamquam
1122 1440 1183 1498 in
1212 1456 1415 1513 magna

230 1533 384 1599 parte
421 1519 687 1580 librorum
723 1522 945 1581 suorum
966 1523 1091 1601 plus
1114 1522 1199 1581 vis
1225 1522 1416 1579 habeat

231 1624 395 1683 quam
411 1603 709 1682 sanguinis.
746 1609 954 1685 primus
970 1609 1113 1665 enim
1130 1620 1415 1685 contemp·

230 1706 293 1749 to
329 1689 524 1750 ordine
562 1712 741 1751 rerum
758 1734 777 1767 ,
816 1690 1004 1751 omiffa
1032 1690 1311 1765 modestia,
1348 1712 1414 1752 ac

229 1775 436 1856 pudore
455 1779 771 1847 verborum,
803 1777 925 1858 ipfis
945 1779 1108 1837 etiam
1133 1780 1331 1857 quibus
1349 1798 1412 1837 u·

230 1866 364 1922 titur
385 1867 548 1924 armis
570 1864 992 1944 incompositus,
1013 1880 1070 1924 et
1091 1864 1267 1925 studio
1288 1863 1413 1925 feri-

229 1949 354 2007 endi
398 1950 711 2030 plerumque
746 1952 987 2012 detestas
1029 1973 1144 2010 non
1183 1965 1411 2028 pugnat,

226 2031 316 2092 sed
340 2036 573 2108 rixatur.
634 2053 897 2110 ceterum,
933 2053 994 2095 ut
1022 2038 1160 2104 dixi,
1185 2036 1413 2115 sequen-

232 2120 375 2175 tibus
393 2136 762 2197 comparatuS,
789 2136 843 2178 et
867 2124 1130 2180 varietate
1151 2121 1412 2178 eruditio-

230 2204 342 2272 nis,
365 2217 418 2259 et
430 2201 613 2279 lepore
628 2206 976 2272 urbanitatis,
995 2220 1053 2261 et
1072 2203 1304 2282 ipsarum
1322 2205 1407 2264 vi-

234 2286 374 2343 rium
397 2290 594 2344 robore
611 2329 631 2360 ,
655 2288 885 2347 multum
924 2304 1130 2347 ceteros
1159 2286 1410 2368 superatg

234 2390 468 2449 quorum
509 2374 781 2431 neminem
824 2382 972 2453 Aper
1011 2375 1317 2445 nominare,
1354 2392 1414 2436 et

236 2459 388 2529 velut
422 2458 482 2526 in
517 2459 685 2528 aciem
720 2459 945 2531 educere
982 2458 1246 2526 sustinuit.
1308 2477 1413 2550 ego
