<?xml version="1.0" encoding="UTF-8"?>
<!DOCTYPE html PUBLIC "-//W3C//DTD XHTML 1.0 Transitional//EN"
    "http://www.w3.org/TR/xhtml1/DTD/xhtml1-transitional.dtd">
<html xmlns="http://www.w3.org/1999/xhtml" xml:lang="en" lang="en">
 <head>
  <title>
</title>
<meta http-equiv="Content-Type" content="text/html;charset=utf-8" />
  <meta name='ocr-system' content='tesseract 3.04.00' />
  <meta name='ocr-capabilities' content='ocr_page ocr_carea ocr_par ocr_line ocrx_word'/>
</head>
<body>
  <div class='ocr_page' id='page_1' title='image "./ccorneliitaciti05grongoog_0312.png"; bbox 0 0 1759 2992; ppageno 0'>
   <div class='ocr_carea' id='block_1_1' title="bbox 400 133 1312 196">
    <p class='ocr_par' dir='ltr' id='par_1_1' title="bbox 400 133 1312 196">
     <span class='ocr_line' id='line_1_1' title="bbox 400 133 1312 196; baseline 0 0"><span class='ocrx_word' id='word_1_1' title='bbox 400 133 520 196; x_wconf 73' lang='lat'><strong>268</strong></span> <span class='ocrx_word' id='word_1_2' title='bbox 656 152 749 194; x_wconf 72' lang='lat' dir='ltr'><strong>nt</strong></span> <span class='ocrx_word' id='word_1_3' title='bbox 789 151 1312 196; x_wconf 66' lang='lat' dir='ltr'><strong>onai-omnus</strong></span> 
     </span>
    </p>
   </div>
   <div class='ocr_carea' id='block_1_2' title="bbox 382 233 1576 382">
    <p class='ocr_par' dir='ltr' id='par_1_2' title="bbox 382 233 1576 382">
     <span class='ocr_line' id='line_1_2' title="bbox 382 233 1574 298; baseline 0.002 -4"><span class='ocrx_word' id='word_1_4' title='bbox 382 233 620 294; x_wconf 56' lang='lat' dir='ltr'><strong>&#39;desidiae</strong></span> <span class='ocrx_word' id='word_1_5' title='bbox 642 252 697 293; x_wconf 82' lang='lat' dir='ltr'><strong>et</strong></span> <span class='ocrx_word' id='word_1_6' title='bbox 720 234 1032 294; x_wconf 79' lang='lat' dir='ltr'>inscientiae</span> <span class='ocrx_word' id='word_1_7' title='bbox 1052 235 1303 296; x_wconf 77' lang='lat' dir='ltr'><strong>adversus</strong></span> <span class='ocrx_word' id='word_1_8' title='bbox 1318 235 1574 298; x_wconf 84' lang='lat' dir='ltr'><strong>acerrima</strong></span> 
     </span>
     <span class='ocr_line' id='line_1_3' title="bbox 391 319 1576 382; baseline 0.003 -4"><span class='ocrx_word' id='word_1_9' title='bbox 391 334 447 378; x_wconf 78' lang='lat' dir='ltr'><strong>et</strong></span> <span class='ocrx_word' id='word_1_10' title='bbox 462 320 829 380; x_wconf 85' lang='lat' dir='ltr'><strong>fecundissima</strong></span> <span class='ocrx_word' id='word_1_11' title='bbox 841 341 1031 380; x_wconf 83' lang='lat' dir='ltr'><strong>eorum</strong></span> <span class='ocrx_word' id='word_1_12' title='bbox 1046 319 1217 382; x_wconf 88' lang='lat' dir='ltr'><strong>studia</strong></span> <span class='ocrx_word' id='word_1_13' title='bbox 1229 321 1576 382; x_wconf 80' lang='lat' dir='ltr'><strong>demonstras-</strong></span> 
     </span>
    </p>
   </div>
   <div class='ocr_carea' id='block_1_3' title="bbox 356 405 1585 2549">
    <p class='ocr_par' dir='ltr' id='par_1_3' title="bbox 356 405 1585 2549">
     <span class='ocr_line' id='line_1_4' title="bbox 389 405 1575 485; baseline 0.005 -22"><span class='ocrx_word' id='word_1_14' title='bbox 389 408 464 466; x_wconf 65' lang='grc' dir='ltr'><strong>εἰς</strong></span> <span class='ocrx_word' id='word_1_15' title='bbox 506 422 682 465; x_wconf 87' lang='lat' dir='ltr'><strong>cetera</strong></span> <span class='ocrx_word' id='word_1_16' title='bbox 704 405 981 485; x_wconf 67' lang='lat' dir='ltr'><strong>exspecto,</strong></span> <span class='ocrx_word' id='word_1_17' title='bbox 1018 422 1080 465; x_wconf 90' lang='lat' dir='ltr'><strong>ut</strong></span> <span class='ocrx_word' id='word_1_18' title='bbox 1112 408 1575 484; x_wconf 83' lang='lat' dir='ltr'><strong>quemadmodum</strong></span> 
     </span>
     <span class='ocr_line' id='line_1_5' title="bbox 388 489 1577 569; baseline 0.003 -18"><span class='ocrx_word' id='word_1_19' title='bbox 388 511 463 551; x_wconf 79' lang='lat' dir='ltr'><strong>ex</strong></span> <span class='ocrx_word' id='word_1_20' title='bbox 483 506 538 550; x_wconf 88' lang='lat' dir='ltr'><strong>tc</strong></span> <span class='ocrx_word' id='word_1_21' title='bbox 552 491 715 550; x_wconf 90' lang='lat' dir='ltr'><strong>didici</strong></span> <span class='ocrx_word' id='word_1_22' title='bbox 737 489 873 569; x_wconf 91' lang='lat' dir='ltr'><strong>quid</strong></span> <span class='ocrx_word' id='word_1_23' title='bbox 896 507 994 549; x_wconf 89' lang='lat' dir='ltr'><strong>aut</strong></span> <span class='ocrx_word' id='word_1_24' title='bbox 1013 492 1091 550; x_wconf 87' lang='lat' dir='ltr'><strong>illi</strong></span> <span class='ocrx_word' id='word_1_25' title='bbox 1108 491 1328 568; x_wconf 84' lang='lat' dir='ltr'><strong>scirent,</strong></span> <span class='ocrx_word' id='word_1_26' title='bbox 1350 511 1446 553; x_wconf 90' lang='lat' dir='ltr'><strong>aut</strong></span> <span class='ocrx_word' id='word_1_27' title='bbox 1468 516 1577 555; x_wconf 79' lang='lat' dir='ltr'><strong>nos</strong></span> 
     </span>
     <span class='ocr_line' id='line_1_6' title="bbox 388 576 1580 656; baseline 0.005 -20"><span class='ocrx_word' id='word_1_28' title='bbox 388 576 710 650; x_wconf 80' lang='lat' dir='ltr'><strong>nesciamus,</strong></span> <span class='ocrx_word' id='word_1_29' title='bbox 737 580 814 635; x_wconf 86' lang='lat' dir='ltr'><strong>ita</strong></span> <span class='ocrx_word' id='word_1_30' title='bbox 844 578 952 636; x_wconf 87' lang='lat' dir='ltr'><strong>hoc</strong></span> <span class='ocrx_word' id='word_1_31' title='bbox 973 595 1200 656; x_wconf 89' lang='lat' dir='ltr'><strong>quoque</strong></span> <span class='ocrx_word' id='word_1_32' title='bbox 1219 579 1580 655; x_wconf 82' lang='lat' dir='ltr'><strong>cognoscam,</strong></span> 
     </span>
     <span class='ocr_line' id='line_1_7' title="bbox 385 663 1584 743; baseline 0.003 -21"><span class='ocrx_word' id='word_1_33' title='bbox 385 665 586 743; x_wconf 76' lang='lat' dir='ltr'><strong>quibua</strong></span> <span class='ocrx_word' id='word_1_34' title='bbox 618 663 1100 723; x_wconf 70' lang='lat' dir='ltr'><strong>exercitationibus</strong></span> <span class='ocrx_word' id='word_1_35' title='bbox 1117 664 1353 738; x_wconf 80' lang='lat' dir='ltr'><strong>juvenes</strong></span> <span class='ocrx_word' id='word_1_36' title='bbox 1373 665 1491 741; x_wconf 86' lang='lat' dir='ltr'><strong>jam</strong></span> <span class='ocrx_word' id='word_1_37' title='bbox 1520 683 1584 727; x_wconf 88' lang='lat' dir='ltr'><strong>et</strong></span> 
     </span>
     <span class='ocr_line' id='line_1_8' title="bbox 387 750 1584 828; baseline 0.001 -18"><span class='ocrx_word' id='word_1_38' title='bbox 387 750 572 810; x_wconf 82' lang='lat' dir='ltr'><strong>forum</strong></span> <span class='ocrx_word' id='word_1_39' title='bbox 595 750 810 828; x_wconf 71' lang='lat' dir='ltr'><strong>ingtessi</strong></span> <span class='ocrx_word' id='word_1_40' title='bbox 825 750 1145 809; x_wconf 84' lang='lat' dir='ltr'><strong>confirmare</strong></span> <span class='ocrx_word' id='word_1_41' title='bbox 1172 765 1228 808; x_wconf 91' lang='lat' dir='ltr'><strong>et</strong></span> <span class='ocrx_word' id='word_1_42' title='bbox 1256 750 1393 809; x_wconf 83' lang='lat' dir='ltr'><strong>alere</strong></span> <span class='ocrx_word' id='word_1_43' title='bbox 1416 754 1584 828; x_wconf 84' lang='lat' dir='ltr'><strong>inge-</strong></span> 
     </span>
     <span class='ocr_line' id='line_1_9' title="bbox 391 833 1581 914; baseline 0.001 -18"><span class='ocrx_word' id='word_1_44' title='bbox 391 840 489 896; x_wconf 83' lang='lat' dir='ltr'><strong>nia</strong></span> <span class='ocrx_word' id='word_1_45' title='bbox 510 835 602 896; x_wconf 89' lang='lat' dir='ltr'><strong>sua</strong></span> <span class='ocrx_word' id='word_1_46' title='bbox 634 837 779 897; x_wconf 88' lang='lat' dir='ltr'><strong>soliti</strong></span> <span class='ocrx_word' id='word_1_47' title='bbox 802 833 941 907; x_wconf 76' lang='lat' dir='ltr'><strong>fint3</strong></span> <span class='ocrx_word' id='word_1_48' title='bbox 980 855 1158 914; x_wconf 89' lang='lat' dir='ltr'><strong>neque</strong></span> <span class='ocrx_word' id='word_1_49' title='bbox 1193 838 1345 896; x_wconf 89' lang='lat' dir='ltr'><strong>enim</strong></span> <span class='ocrx_word' id='word_1_50' title='bbox 1377 851 1492 895; x_wconf 82' lang='lat' dir='ltr'><strong>arte</strong></span> <span class='ocrx_word' id='word_1_51' title='bbox 1521 854 1581 897; x_wconf 89' lang='lat' dir='ltr'><strong>et</strong></span> 
     </span>
     <span class='ocr_line' id='line_1_10' title="bbox 390 920 1577 1001; baseline 0 -20"><span class='ocrx_word' id='word_1_52' title='bbox 390 921 641 998; x_wconf 85' lang='lat' dir='ltr'><strong>scientia,</strong></span> <span class='ocrx_word' id='word_1_53' title='bbox 678 923 766 983; x_wconf 90' lang='lat' dir='ltr'><strong>sed</strong></span> <span class='ocrx_word' id='word_1_54' title='bbox 794 922 962 1001; x_wconf 87' lang='lat' dir='ltr'><strong>longe</strong></span> <span class='ocrx_word' id='word_1_55' title='bbox 992 922 1165 1000; x_wconf 78' lang='lat' dir='ltr'><strong>magis</strong></span> <span class='ocrx_word' id='word_1_56' title='bbox 1184 920 1436 982; x_wconf 82' lang='lat' dir='ltr'><strong>facultate</strong></span> <span class='ocrx_word' id='word_1_57' title='bbox 1457 922 1577 982; x_wconf 89' lang='lat' dir='ltr'><strong>elo·</strong></span> 
     </span>
     <span class='ocr_line' id='line_1_11' title="bbox 390 1011 1578 1089; baseline -0.002 -20"><span class='ocrx_word' id='word_1_58' title='bbox 390 1013 676 1089; x_wconf 87' lang='lat' dir='ltr'><strong>quentiam</strong></span> <span class='ocrx_word' id='word_1_59' title='bbox 694 1012 984 1081; x_wconf 76' lang='lat' dir='ltr'><strong>contineri,</strong></span> <span class='ocrx_word' id='word_1_60' title='bbox 1009 1030 1109 1067; x_wconf 88' lang='lat' dir='ltr'><strong>nec</strong></span> <span class='ocrx_word' id='word_1_61' title='bbox 1125 1025 1182 1066; x_wconf 86' lang='lat' dir='ltr'><strong>tu</strong></span> <span class='ocrx_word' id='word_1_62' title='bbox 1205 1024 1340 1086; x_wconf 87' lang='lat' dir='ltr'><strong>puto</strong></span> <span class='ocrx_word' id='word_1_63' title='bbox 1353 1011 1578 1077; x_wconf 71' lang='lat' dir='ltr'><strong>abnueS,</strong></span> 
     </span>
     <span class='ocr_line' id='line_1_12' title="bbox 387 1093 1581 1171; baseline -0.001 -17"><span class='ocrx_word' id='word_1_64' title='bbox 387 1098 526 1154; x_wconf 87' lang='lat' dir='ltr'><strong>ethi</strong></span> <span class='ocrx_word' id='word_1_65' title='bbox 553 1094 848 1171; x_wconf 80' lang='lat' dir='ltr'><strong>fignifieare</strong></span> <span class='ocrx_word' id='word_1_66' title='bbox 870 1095 1028 1152; x_wconf 85' lang='lat' dir='ltr'><strong>vultu</strong></span> <span class='ocrx_word' id='word_1_67' title='bbox 1052 1093 1330 1152; x_wconf 84' lang='lat' dir='ltr'><strong>videntur.</strong></span> <span class='ocrx_word' id='word_1_68' title='bbox 1378 1094 1581 1153; x_wconf 89' lang='lat' dir='ltr'><strong>deinde</strong></span> 
     </span>
     <span class='ocr_line' id='line_1_13' title="bbox 387 1177 1584 1255; baseline 0.001 -18"><span class='ocrx_word' id='word_1_69' title='bbox 387 1198 513 1238; x_wconf 87' lang='lat' dir='ltr'><strong>cum</strong></span> <span class='ocrx_word' id='word_1_70' title='bbox 531 1186 679 1255; x_wconf 87' lang='lat' dir='ltr'><strong>Aper</strong></span> <span class='ocrx_word' id='word_1_71' title='bbox 696 1193 752 1235; x_wconf 87' lang='lat' dir='ltr'><strong>et</strong></span> <span class='ocrx_word' id='word_1_72' title='bbox 773 1177 1053 1235; x_wconf 86' lang='lat' dir='ltr'><strong>Secundus</strong></span> <span class='ocrx_word' id='word_1_73' title='bbox 1078 1177 1220 1235; x_wconf 88' lang='lat' dir='ltr'><strong>idem</strong></span> <span class='ocrx_word' id='word_1_74' title='bbox 1237 1178 1584 1255; x_wconf 82' lang='lat' dir='ltr'><strong>annuiffent‚</strong></span> 
     </span>
     <span class='ocr_line' id='line_1_14' title="bbox 383 1259 1585 1342; baseline 0.001 -20"><span class='ocrx_word' id='word_1_75' title='bbox 383 1260 625 1322; x_wconf 70' lang='lat' dir='ltr'><strong>Mess&#39;alla</strong></span> <span class='ocrx_word' id='word_1_76' title='bbox 649 1260 793 1340; x_wconf 86' lang='lat' dir='ltr'><strong>quafi</strong></span> <span class='ocrx_word' id='word_1_77' title='bbox 826 1259 1007 1319; x_wconf 82' lang='lat' dir='ltr'><strong>rursus</strong></span> <span class='ocrx_word' id='word_1_78' title='bbox 1030 1262 1333 1339; x_wconf 79' lang='lat' dir='ltr'><strong>incipiens:</strong></span> <span class='ocrx_word' id='word_1_79' title='bbox 1364 1267 1585 1342; x_wconf 78' lang='lat' dir='ltr'><strong>quoni-</strong></span> 
     </span>
     <span class='ocr_line' id='line_1_15' title="bbox 384 1342 1584 1426; baseline 0.002 -19"><span class='ocrx_word' id='word_1_80' title='bbox 384 1367 474 1407; x_wconf 81' lang='lat' dir='ltr'><strong>am</strong></span> <span class='ocrx_word' id='word_1_81' title='bbox 495 1342 656 1407; x_wconf 81' lang='lat' dir='ltr'><strong>initia</strong></span> <span class='ocrx_word' id='word_1_82' title='bbox 676 1364 731 1406; x_wconf 88' lang='lat' dir='ltr'><strong>et</strong></span> <span class='ocrx_word' id='word_1_83' title='bbox 767 1347 968 1406; x_wconf 87' lang='lat' dir='ltr'><strong>semina</strong></span> <span class='ocrx_word' id='word_1_84' title='bbox 988 1350 1188 1405; x_wconf 79' lang='lat' dir='ltr'><strong>veteris</strong></span> <span class='ocrx_word' id='word_1_85' title='bbox 1221 1347 1584 1426; x_wconf 85' lang='lat' dir='ltr'><strong>eloquentiae</strong></span> 
     </span>
     <span class='ocr_line' id='line_1_16' title="bbox 385 1432 1579 1515; baseline 0.002 -22"><span class='ocrx_word' id='word_1_86' title='bbox 385 1432 516 1494; x_wconf 75' lang='lat' dir='ltr'><strong>satis</strong></span> <span class='ocrx_word' id='word_1_87' title='bbox 531 1432 908 1494; x_wconf 74' lang='lat' dir='ltr'><strong>demonstrasse</strong></span> <span class='ocrx_word' id='word_1_88' title='bbox 933 1432 1146 1507; x_wconf 84' lang='lat' dir='ltr'><strong>videor,</strong></span> <span class='ocrx_word' id='word_1_89' title='bbox 1168 1434 1425 1494; x_wconf 85' lang='lat' dir='ltr'><strong>docendo</strong></span> <span class='ocrx_word' id='word_1_90' title='bbox 1450 1441 1579 1515; x_wconf 89' lang='lat' dir='ltr'><strong>qui·</strong></span> 
     </span>
     <span class='ocr_line' id='line_1_17' title="bbox 380 1519 1577 1599; baseline -0.001 -17"><span class='ocrx_word' id='word_1_91' title='bbox 380 1522 491 1582; x_wconf 80' lang='lat' dir='ltr'><strong>bus</strong></span> <span class='ocrx_word' id='word_1_92' title='bbox 509 1523 716 1581; x_wconf 82' lang='lat' dir='ltr'><strong>artibus</strong></span> <span class='ocrx_word' id='word_1_93' title='bbox 736 1522 949 1599; x_wconf 85' lang='lat' dir='ltr'><strong>antiqui</strong></span> <span class='ocrx_word' id='word_1_94' title='bbox 969 1536 1216 1579; x_wconf 83' lang='lat' dir='ltr'><strong>oratores</strong></span> <span class='ocrx_word' id='word_1_95' title='bbox 1232 1519 1433 1579; x_wconf 88' lang='lat' dir='ltr'><strong>institui</strong></span> <span class='ocrx_word' id='word_1_96' title='bbox 1452 1542 1577 1581; x_wconf 86' lang='lat' dir='ltr'><strong>eru-</strong></span> 
     </span>
     <span class='ocr_line' id='line_1_18' title="bbox 388 1605 1577 1687; baseline -0.002 -19"><span class='ocrx_word' id='word_1_97' title='bbox 388 1607 607 1687; x_wconf 86' lang='lat' dir='ltr'><strong>dirique</strong></span> <span class='ocrx_word' id='word_1_98' title='bbox 630 1607 771 1667; x_wconf 88' lang='lat' dir='ltr'><strong>soliti</strong></span> <span class='ocrx_word' id='word_1_99' title='bbox 793 1606 933 1666; x_wconf 84' lang='lat' dir='ltr'><strong>fint=</strong></span> <span class='ocrx_word' id='word_1_100' title='bbox 974 1605 1261 1685; x_wconf 83' lang='lat' dir='ltr'><strong>persequar</strong></span> <span class='ocrx_word' id='word_1_101' title='bbox 1300 1627 1449 1666; x_wconf 91' lang='lat' dir='ltr'><strong>nunc</strong></span> <span class='ocrx_word' id='word_1_102' title='bbox 1474 1627 1577 1666; x_wconf 86' lang='lat' dir='ltr'><strong>ex-</strong></span> 
     </span>
     <span class='ocr_line' id='line_1_19' title="bbox 387 1692 1578 1772; baseline -0.002 -19"><span class='ocrx_word' id='word_1_103' title='bbox 387 1696 766 1754; x_wconf 85' lang='lat' dir='ltr'><strong>ercitationem</strong></span> <span class='ocrx_word' id='word_1_104' title='bbox 804 1711 1027 1752; x_wconf 81' lang='lat' dir='ltr'><strong>eorum:</strong></span> <span class='ocrx_word' id='word_1_105' title='bbox 1073 1714 1400 1772; x_wconf 86' lang='lat' dir='ltr'><strong>quamquam</strong></span> <span class='ocrx_word' id='word_1_106' title='bbox 1447 1692 1578 1771; x_wconf 70' lang='lat' dir='ltr'><strong>ipsis</strong></span> 
     </span>
     <span class='ocr_line' id='line_1_20' title="bbox 386 1777 1579 1860; baseline 0 -21"><span class='ocrx_word' id='word_1_107' title='bbox 386 1782 597 1860; x_wconf 61' lang='lat' dir='ltr'><strong>artibus</strong></span> <span class='ocrx_word' id='word_1_108' title='bbox 621 1779 756 1838; x_wconf 86' lang='lat' dir='ltr'><strong>inest</strong></span> <span class='ocrx_word' id='word_1_109' title='bbox 775 1780 1097 1837; x_wconf 73' lang='lat' dir='ltr'><strong>exercitatio</strong></span> <span class='ocrx_word' id='word_1_110' title='bbox 1113 1821 1131 1850; x_wconf 89' lang='lat'><strong>,</strong></span> <span class='ocrx_word' id='word_1_111' title='bbox 1164 1800 1266 1837; x_wconf 88' lang='lat' dir='ltr'><strong>nec</strong></span> <span class='ocrx_word' id='word_1_112' title='bbox 1289 1777 1579 1858; x_wconf 88' lang='lat' dir='ltr'><strong>quisquam</strong></span> 
     </span>
     <span class='ocr_line' id='line_1_21' title="bbox 386 1863 1578 1945; baseline 0.002 -22"><span class='ocrx_word' id='word_1_113' title='bbox 386 1867 664 1945; x_wconf 85' lang='lat' dir='ltr'><strong>percipere</strong></span> <span class='ocrx_word' id='word_1_114' title='bbox 685 1880 768 1924; x_wconf 89' lang='lat' dir='ltr'><strong>tot</strong></span> <span class='ocrx_word' id='word_1_115' title='bbox 791 1863 1103 1923; x_wconf 81' lang='lat' dir='ltr'><strong>reconditas</strong></span> <span class='ocrx_word' id='word_1_116' title='bbox 1128 1881 1221 1922; x_wconf 87' lang='lat' dir='ltr'><strong>aut</strong></span> <span class='ocrx_word' id='word_1_117' title='bbox 1246 1880 1356 1925; x_wconf 90' lang='lat' dir='ltr'><strong>tam</strong></span> <span class='ocrx_word' id='word_1_118' title='bbox 1395 1868 1578 1925; x_wconf 81' lang='lat' dir='ltr'><strong>varias</strong></span> 
     </span>
     <span class='ocr_line' id='line_1_22' title="bbox 388 1948 1580 2029; baseline -0.002 -18"><span class='ocrx_word' id='word_1_119' title='bbox 388 1971 476 2011; x_wconf 78' lang='lat' dir='ltr'><strong>rea</strong></span> <span class='ocrx_word' id='word_1_120' title='bbox 492 1949 684 2029; x_wconf 89' lang='lat' dir='ltr'><strong>potest,</strong></span> <span class='ocrx_word' id='word_1_121' title='bbox 695 1949 793 2008; x_wconf 88' lang='lat' dir='ltr'><strong>nifi</strong></span> <span class='ocrx_word' id='word_1_122' title='bbox 808 1966 867 2008; x_wconf 88' lang='lat' dir='ltr'><strong>ut</strong></span> <span class='ocrx_word' id='word_1_123' title='bbox 885 1948 1132 2022; x_wconf 74' lang='lat' dir='ltr'><strong>scientiae</strong></span> <span class='ocrx_word' id='word_1_124' title='bbox 1143 1950 1450 2024; x_wconf 81' lang='lat' dir='ltr'><strong>meditatio,</strong></span> <span class='ocrx_word' id='word_1_125' title='bbox 1461 1971 1580 2010; x_wconf 89' lang='lat' dir='ltr'><strong>me-</strong></span> 
     </span>
     <span class='ocr_line' id='line_1_23' title="bbox 389 2036 1581 2116; baseline -0.001 -18"><span class='ocrx_word' id='word_1_126' title='bbox 389 2038 647 2100; x_wconf 86' lang='lat' dir='ltr'><strong>ditationi</strong></span> <span class='ocrx_word' id='word_1_127' title='bbox 661 2036 912 2110; x_wconf 84' lang='lat' dir='ltr'><strong>facultas,</strong></span> <span class='ocrx_word' id='word_1_128' title='bbox 938 2036 1180 2095; x_wconf 85' lang='lat' dir='ltr'><strong>facultati</strong></span> <span class='ocrx_word' id='word_1_129' title='bbox 1201 2039 1287 2096; x_wconf 78' lang='lat' dir='ltr'><strong>vis</strong></span> <span class='ocrx_word' id='word_1_130' title='bbox 1306 2037 1581 2116; x_wconf 87' lang='lat' dir='ltr'><strong>eloquen-</strong></span> 
     </span>
     <span class='ocr_line' id='line_1_24' title="bbox 391 2122 1582 2203; baseline -0.002 -19"><span class='ocrx_word' id='word_1_131' title='bbox 391 2127 500 2185; x_wconf 84' lang='lat' dir='ltr'><strong>tiae</strong></span> <span class='ocrx_word' id='word_1_132' title='bbox 513 2122 764 2195; x_wconf 79' lang='lat' dir='ltr'><strong>accedat3</strong></span> <span class='ocrx_word' id='word_1_133' title='bbox 783 2142 879 2203; x_wconf 85' lang='lat' dir='ltr'><strong>per</strong></span> <span class='ocrx_word' id='word_1_134' title='bbox 893 2142 1032 2201; x_wconf 89' lang='lat' dir='ltr'><strong>quae</strong></span> <span class='ocrx_word' id='word_1_135' title='bbox 1044 2122 1320 2199; x_wconf 87' lang='lat' dir='ltr'><strong>colligitur</strong></span> <span class='ocrx_word' id='word_1_136' title='bbox 1330 2122 1582 2191; x_wconf 81' lang='lat' dir='ltr'><strong>eamdem</strong></span> 
     </span>
     <span class='ocr_line' id='line_1_25' title="bbox 390 2208 1583 2288; baseline -0.003 -18"><span class='ocrx_word' id='word_1_137' title='bbox 390 2210 495 2271; x_wconf 81' lang='lat' dir='ltr'><strong>effe</strong></span> <span class='ocrx_word' id='word_1_138' title='bbox 509 2212 798 2278; x_wconf 86' lang='lat' dir='ltr'><strong>rationem,</strong></span> <span class='ocrx_word' id='word_1_139' title='bbox 820 2225 875 2268; x_wconf 82' lang='lat' dir='ltr'><strong>et</strong></span> <span class='ocrx_word' id='word_1_140' title='bbox 893 2209 1220 2287; x_wconf 85' lang='lat' dir='ltr'><strong>percipiendi</strong></span> <span class='ocrx_word' id='word_1_141' title='bbox 1238 2228 1375 2288; x_wconf 91' lang='lat' dir='ltr'><strong>quae</strong></span> <span class='ocrx_word' id='word_1_142' title='bbox 1390 2208 1583 2286; x_wconf 84' lang='lat' dir='ltr'><strong>profe·</strong></span> 
     </span>
     <span class='ocr_line' id='line_1_26' title="bbox 358 2292 1581 2374; baseline -0.002 -17"><span class='ocrx_word' id='word_1_143' title='bbox 358 2351 366 2358; x_wconf 91' lang='lat'>.</span> <span class='ocrx_word' id='word_1_144' title='bbox 392 2318 504 2369; x_wconf 84' lang='lat' dir='ltr'><strong>ras,</strong></span> <span class='ocrx_word' id='word_1_145' title='bbox 534 2313 588 2354; x_wconf 90' lang='lat' dir='ltr'><strong>et</strong></span> <span class='ocrx_word' id='word_1_146' title='bbox 607 2296 921 2372; x_wconf 83' lang='lat' dir='ltr'><strong>proferendi</strong></span> <span class='ocrx_word' id='word_1_147' title='bbox 943 2314 1083 2374; x_wconf 90' lang='lat' dir='ltr'><strong>quae</strong></span> <span class='ocrx_word' id='word_1_148' title='bbox 1105 2297 1411 2374; x_wconf 82' lang='lat' dir='ltr'><strong>perceperis</strong></span> <span class='ocrx_word' id='word_1_149' title='bbox 1430 2316 1447 2364; x_wconf 89' lang='lat'>;</span> <span class='ocrx_word' id='word_1_150' title='bbox 1483 2292 1581 2355; x_wconf 90' lang='lat' dir='ltr'><strong>sed</strong></span> 
     </span>
     <span class='ocr_line' id='line_1_27' title="bbox 356 2378 1585 2458; baseline 0 -20"><span class='ocrx_word' id='word_1_151' title='bbox 356 2419 361 2426; x_wconf 85' lang='lat'><strong>·</strong></span> <span class='ocrx_word' id='word_1_152' title='bbox 387 2380 427 2438; x_wconf 83' lang='lat' dir='ltr'>fi</span> <span class='ocrx_word' id='word_1_153' title='bbox 454 2385 544 2442; x_wconf 88' lang='lat' dir='ltr'><strong>cui</strong></span> <span class='ocrx_word' id='word_1_154' title='bbox 574 2382 889 2441; x_wconf 84' lang='lat' dir='ltr'><strong>obscuriora</strong></span> <span class='ocrx_word' id='word_1_155' title='bbox 926 2385 1056 2439; x_wconf 84' lang='lat' dir='ltr'><strong>haec</strong></span> <span class='ocrx_word' id='word_1_156' title='bbox 1092 2380 1383 2454; x_wconf 87' lang='lat' dir='ltr'><strong>videntur,</strong></span> <span class='ocrx_word' id='word_1_157' title='bbox 1420 2378 1585 2458; x_wconf 82' lang='lat' dir='ltr'><strong>isque</strong></span> 
     </span>
     <span class='ocr_line' id='line_1_28' title="bbox 384 2464 1585 2549; baseline 0.002 -26"><span class='ocrx_word' id='word_1_158' title='bbox 384 2464 664 2529; x_wconf 80' lang='lat' dir='ltr'><strong>scientiam</strong></span> <span class='ocrx_word' id='word_1_159' title='bbox 707 2470 773 2529; x_wconf 85' lang='lat' dir='ltr'><strong>ab</strong></span> <span class='ocrx_word' id='word_1_160' title='bbox 808 2468 1198 2530; x_wconf 71' lang='lat' dir='ltr'><strong>exercitatione</strong></span> <span class='ocrx_word' id='word_1_161' title='bbox 1233 2466 1472 2549; x_wconf 63' lang='lat' dir='ltr'><strong>separat,</strong></span> <span class='ocrx_word' id='word_1_162' title='bbox 1521 2466 1585 2527; x_wconf 92' lang='lat' dir='ltr'><strong>id</strong></span> 
     </span>
    </p>
   </div>
  </div>
 </body>
</html>
