1759 2992
314 142 400 218 64
492 158 551 203 c.
589 158 976 205 connum
1018 159 1315 203 ταοιτι

308 238 515 315 hostes,
558 242 841 320 optimum
867 261 898 299 e
930 239 1300 322 praesentibus
1322 252 1494 311 ratus,

308 340 500 388 mutua
523 327 960 401 dissimulatione,
987 342 1044 386 et
1059 325 1271 399 iisdem,
1291 327 1498 404 quibus

308 413 616 492 petebaetuz,
637 413 843 470 artibus
860 412 1111 488 graffiri3
1135 413 1197 469 in
1213 412 1499 471 coloniam

308 494 766 575 Agrippinensem
778 496 1071 556 descendit.
1090 495 1220 555 illue
1231 496 1497 555 Claudius

307 583 517 653 Labeo,
554 600 715 660 quem
740 597 959 661 captum
985 598 1040 641 et
1062 595 1216 639 extra
1239 600 1493 640 conven-

307 683 423 727 tum
435 666 784 725 amandatum
800 669 857 724 in
871 664 1069 726 Frifios
1085 665 1350 738 diximus,
1361 684 1490 724 cor·

308 753 482 831 ruptis
494 751 802 811 custodibus
815 751 1072 832 perfugit;
1086 747 1493 831 pollicitusque,

310 839 331 871 ‘
356 837 393 898 fi
423 836 741 917 praesidium
758 838 1001 908 daretur,
1029 838 1229 896 iturum
1251 837 1312 893 in
1335 840 1493 893 Bata-

309 925 332 958 ‘
358 944 485 999 vos,
521 938 579 982 ct
612 925 887 1002 potiorem
921 924 1159 982 civitatis
1186 936 1393 1000 partem
1425 917 1499 979 ad

310 1010 330 1044 ⁴
360 1010 669 1071 societatem
683 1015 984 1068 Romanam
994 1011 1341 1067 reti-asturum
1358 1008 1500 1066 t’ac-

315 1111 474 1176 cepta
490 1095 735 1174 peditum
760 1097 1115 1172 equitumque
1142 1091 1355 1151 modica
1383 1111 1512 1150 ma·-

314 1201 416 1253 nu,
456 1179 596 1238 nihil
610 1178 752 1257 apud
775 1185 1007 1238 Batavos
1024 1177 1202 1252 ausus,
1234 1176 1495 1256 quosdam

314 1267 644 1325 Nerviorum
658 1261 1136 1342 Bethafiorumque
1151 1265 1209 1323 in
1227 1284 1373 1322 arma
1388 1279 1510 1321 tra-

312 1352 422 1411 xit.
468 1366 523 1407 et
547 1348 736 1407 furtim
761 1352 959 1425 magis,
1004 1369 1168 1426 quam
1195 1349 1359 1422 bello,
1391 1354 1508 1406 Ca*

313 1433 590 1496 ninefates
610 1433 987 1513 Marsacosque
1005 1434 1330 1494 incursabat.
1373 1439 1496 1492 Vo-

314 1521 434 1582 cula
449 1519 738 1580 Gallorum
756 1519 944 1578 fraude
959 1520 1186 1594 illectus,
1207 1520 1273 1579 ad
1293 1518 1497 1579 hostem

315 1608 622 1668 contendit.
708 1612 825 1665 Nec
842 1607 1036 1685 procul
1059 1608 1348 1665 Veteribus
1363 1608 1485 1664 abe·
1502 1622 1594 1681 57²

313 1709 396 1753 rat
407 1716 425 1765 ;
461 1713 584 1751 cum
602 1691 854 1751 Classicus
874 1714 938 1752 ac
955 1699 1142 1750 Tutor
1156 1713 1252 1771 per
1269 1689 1495 1770 speciem

310 1777 636 1856 explorandi
655 1777 952 1855 praegreffi,
981 1798 1103 1837 cum
1117 1777 1346 1837 ducibus
1361 1783 1495 1835 Ger·

313 1881 604 1924 manorum
624 1866 779 1939 pacta
799 1862 1098 1922 firmavere.
1146 1879 1370 1941 tumque
1385 1863 1495 1942 pti-

312 1945 755 2009 nmmdiscretifa
773 1949 1100 2024 legionibus,
1140 1951 1367 2028 proprio
1385 1948 1499 2008 val·
1544 1980 1552 1989 .

314 2035 374 2094 lo
390 2031 554 2093 castra
571 2029 661 2091 sua
676 2030 1044 2108 circumdant,
1065 2035 1365 2094 obtestante
1382 2042 1499 2093 Vo-

317 2120 464 2195 cula,
499 2121 517 2151 ‘
546 2139 660 2178 non
686 2119 1120 2179 adeo-tutbatam
1138 2121 1392 2179 civilibus
1416 2140 1502 2179 ar-

321 2207 342 2239 ‘
362 2210 467 2266 mis
492 2226 604 2265 rem
627 2211 965 2279 Romanam,
980 2209 1500 2266 utTreverisvetiam

317 2299 336 2325 ⁸
362 2290 804 2371 Lingonibusque
824 2290 1089 2368 despectui
1114 2290 1195 2351 fit.
1243 2290 1499 2370 superesse

319 2382 337 2407 ‘
362 2375 495 2432 fidas
508 2379 1074 2451 provincias,vi610res
1088 2380 1325 2436 exercitu
1333 2398 1357 2435 s
1363 2377 1496 2450 ,fot-

315 2460 336 2493 ‘
362 2474 551 2520 tunam
575 2462 811 2543 imperii,
845 2477 905 2523 et
917 2461 1124 2524 ultores
1137 2462 1297 2526 deos.
1342 2460 1412 2524 fic
1434 2481 1493 2523 o·
