1759 2992
364 123 454 186 26
545 142 603 183 e.
640 130 1045 182 contentu
1088 135 1375 178 τΑοιτι

358 245 612 285 ranarum
638 224 973 293 cohortium,
996 219 1124 300 justi
1138 221 1256 297 jam
1278 218 1556 279 exercitat

361 311 581 382 due‘totu
626 308 714 370 sed
752 307 964 370 confilii
995 309 1305 385 ambiguus,
1352 320 1405 364 et
1437 307 1556 363 vini

363 405 676 459 Romanam
699 410 981 475 reputans,
1027 388 1259 454 cunnos
1297 395 1396 472 qui
1429 391 1558 450 ade-

363 500 510 558 rant,
535 489 594 544 in
612 486 777 544 verba
794 479 1107 561 Vespafiani
1126 478 1319 556 adigit.
1357 480 1562 537 mittit-'-

366 570 702 652 que-legatos
727 569 797 629 ad
815 566 949 627 duas
971 566 1243 643 legiones,
1278 585 1421 643 quae
1442 566 1563 643 pri*

365 679 460 718 ore
483 660 597 718 acie
613 655 815 737 pulsae,
852 657 912 714 in
936 669 1121 713 vetera
1144 649 1311 711 castra
1331 648 1563 711 concess

366 745 567 820 serant,
627 750 645 774 ‘
669 756 732 802 ut
765 740 907 801 idem
933 738 1319 799 sacramentum
1348 738 1567 815 accipe-

370 839 387 864 ‘
411 829 828 891 rent.’redditur
843 824 1182 906 responsum,
1194 821 1215 855 ‘
1229 841 1408 902 neque
1425 842 1568 903 pro-

369 919 391 951 ‘
414 918 635 989 ditm-ie,
671 912 1096 996 neque'hostium
1114 909 1166 970 se
1186 909 1427 971 confiliis
1454 911 1565 970 uti.

372 1007 392 1040 ‘
418 1004 522 1066 effe
535 1004 633 1064 fibi
654 1002 946 1063 Vitellium
966 1000 1292 1079 principem,
1321 1015 1569 1077 proquo

375 1098 393 1126 ‘
417 1091 579 1152 fidem
604 1105 660 1150 et
682 1110 830 1149 arma
846 1085 1016 1166 usque
1038 1085 1106 1144 ad
1125 1082 1431 1164 supremum
1456 1081 1566 1163 spi-

376 1184 394 1211 ‘
417 1180 581 1237 ritu-m
598 1191 911 1237 retenturos
929 1196 949 1251 3
983 1171 1213 1252 proinde
1229 1169 1449 1249 perfuga
1462 1176 1567 1229 Ba-

376 1264 396 1295 ‘
421 1281 584 1323 tavus
605 1264 869 1321 arbitrum
892 1279 1072 1319 rerum
1087 1262 1467 1317 'Romanarum
1493 1275 1568 1315 ne

378 1351 398 1383 ‘
422 1366 624 1431 ageret,
662 1345 749 1406 sed
775 1350 993 1407 meritas
1019 1345 1225 1404 sceleris
1242 1363 1446 1423 poenas
1468 1361 1570 1400 ex-

378 1438 400 1472 ‘
424 1436 722 1518 spefiaretss
763 1453 905 1515 quae
929 1433 1020 1493 ubi
1053 1432 1219 1489 relata
1239 1428 1432 1502 Civili,
1477 1428 1569 1486 in-

382 1523 572 1585 census
597 1526 702 1597 ira,
748 1517 1054 1581 universam
1085 1524 1409 1578 Batavorum
1434 1526 1572 1593 'gen-

384 1629 494 1672 tem
519 1614 578 1671 in
600 1629 749 1670 arma
773 1610 935 1688 rapit.
991 1606 1303 1683 junguntur
1329 1602 1572 1661 Brueted

381 1698 778 1775 Tenem-ique,
820 1710 875 1753 et
898 1695 1075 1752 excita
1095 1691 1309 1750 nuntiis
1337 1694 1573 1747 Germa·

384 1787 501 1858 nia,
539 1783 603 1840 ad
630 1782 888 1859 praedam
912 1778 1239 1856 famamque.
1288 1772 1565 1834 Adversus
1583 1785 1660 1830 22

384 1873 486 1929 has
511 1870 634 1927 belli
656 1867 1029 1926 concurrentis
1047 1864 1246 1938 minae,
1270 1862 1429 1939 legati
1444 1861 1575 1938 legi·

386 1975 586 2025 onum,
639 1954 882 2012 Mumius
909 1958 1216 2030 LupercuS,
1254 1965 1309 2007 et
1339 1944 1576 2008 Numifi·

387 2063 457 2100 us
486 2039 681 2109 RufnS,
712 2039 912 2099 vailum
938 2032 1230 2115 murosque
1248 2034 1574 2106 firmabant-3

390 2125 639 2189 subversa
661 2131 856 2203 longae
881 2127 1027 2204 pa'cis
1049 2143 1235 2202 opera,
1281 2122 1422 2181 baud
1450 2141 1578 2200 pro·

388 2217 482 2275 'cul
506 2215 686 2275 castris
707 2218 763 2273 in
789 2212 1015 2273 modum
1037 2211 1317 2288 municipii
1342 2207 1580 2267 exstruc-

392 2318 473 2370 ta,
520 2323 589 2360 ne
618 2289 857 2361 Hostibus
886 2296 1002 2357 usui
1023 2296 1227 2356 forent.
1273 2294 1362 2354 sed
1392 2312 1581 2373 parum

396 2386 696 2465 provisum,
734 2404 797 2446 nt
819 2385 1015 2463 copiae
1045 2386 1100 2442 in
1125 2381 1292 2443 castra
1312 2384 1582 2441 convehe-

396 2487 618 2533 rentur:
657 2468 1109 2556 rapi‘permisere.
1156 2471 1236 2530 ita
1257 2470 1447 2549 paucis
1468 2466 1579 2526 die-
