1759 2992
601 129 1039 181 urai-oona.
1306 137 1422 195 243

245 225 336 303 jus
357 222 697 302 principatus
720 218 1025 294 stationem,
1054 235 1176 297 qua
1186 217 1430 300 Vespafi·

226 329 384 368 mnus
398 304 782 386 rempublicam
796 304 976 385 fovet,
992 311 1061 364 C.
1076 318 1132 363 et
1146 311 1277 368 XX
1295 305 1432 370 anni

253 395 352 454 ab
336 395 560 453 interitu
577 393 891 451 Ciceronis
874 410 933 451 m
952 392 1101 451 hunc
1118 389 1258 450 diem
1273 390 1429 456 colii·

256 494 480 559 guntur,
500 479 662 538 unius
687 479 931 540 bominis
959 494 1126 538 aetas.
1172 496 1298 537 nam
1320 473 1436 555 ipse

251 587 353 645 ego
367 568 428 624 in
443 566 724 625 Britannia
744 563 861 625 vidi
881 561 1087 637 senem,
1108 563 1205 643 qui
1228 560 1280 622 se
1294 562 1429 623 fate-

250 666 396 716 retur
427 656 445 683 ‘
469 666 527 710 et
557 671 770 731 pugnae
792 649 1129 723 interfuiffe,
1157 668 1269 727 qua
1293 655 1432 710 Cae-

252 738 272 771 ‘
294 736 462 800 sarem
478 735 802 797 inferentem
817 753 968 796 arma
989 738 1315 803 Britanniae,
1344 755 1433 795 ar·

249 823 270 858 ‘
292 843 411 885 cere
425 823 710 896 litoribus,
731 836 788 882 et
804 820 1004 901 pellere
1026 820 1246 896 aggressi
1264 818 1430 881 sunt'.

147 911 152 918 ’
249 911 326 969 ita
339 907 378 967 fi
392 927 517 966 eum
534 908 633 984 qni
645 922 886 968 armatus
905 911 973 965 C.
991 904 1201 965 Caesari
1218 903 1437 981 restitit,

251 992 338 1054 vel
360 992 649 1072 captivitas
667 1032 685 1061 ‚
711 992 803 1051 vel
823 989 1083 1052 voluntas
1102 1031 1122 1063 ,
1150 990 1242 1051 vel
1261 989 1436 1052 fatum

253 1077 478 1159 aliquod
493 1079 552 1136 in
568 1078 754 1138 urbem
773 1075 1132 1156 pertraxisset,
1145 1075 1284 1137 idem
1295 1081 1435 1137 Cae·

251 1163 424 1226 sarem
448 1162 621 1244 ipsum
642 1178 699 1224 et
722 1165 1042 1225 Ciceronem
1064 1162 1250 1226 audire
1270 1179 1438 1244 potn-

247 1252 294 1311 it
310 1296 330 1326 ,
358 1265 413 1311 et
446 1248 642 1311 nostris
674 1270 899 1331 quoque
920 1253 1226 1312 actionibus
1263 1252 1438 1311 inter·

247 1335 371 1399 effe.
417 1337 678 1416 proximo
696 1336 921 1416 quidem
935 1338 1218 1415 congiario
1235 1335 1333 1417 ipfi
1352 1338 1437 1397 vi-

247 1421 398 1483 distis
413 1421 694 1501 plerosque
714 1420 892 1496 senes,
917 1425 1014 1502 qui
1032 1421 1085 1482 se
1100 1444 1131 1481 a
1146 1423 1280 1483 divo
1295 1441 1439 1502 quo-

249 1527 360 1587 que
394 1505 635 1582 Angusto
673 1505 833 1566 semel
866 1521 1033 1584 atque
1063 1508 1257 1567 iterum
1284 1527 1439 1568 acce·

289 1589 381 1652 iss'e
395 1593 730 1668 congiarium
748 1594 1046 1651 narrabant
1059 1614 1079 1663 ς
1102 1612 1176 1652 ex
1189 1612 1305 1672 quo
1319 1593 1439 1657 col·

246 1612 344 1755 figi
367 1677 564 1759 potest,
598 1691 657 1738 et
674 1678 983 1739 Corvinum
1005 1679 1074 1737 ab
1099 1678 1212 1738 illis
1232 1693 1291 1737 et
1320 1675 1439 1739 Afi-

247 1767 402 1827 nium
431 1763 608 1824 audiri
629 1761 882 1846 potuiffe.
925 1783 1054 1826 nam
1075 1767 1353 1826 Corvinus
1374 1768 1439 1828 in

246 1848 488 1911 medium
510 1848 680 1932 usque
698 1848 924 1929 Augusti
941 1852 1331 1933 principatum,
1359 1858 1438 1911 A·

245 1935 417 1998 finias
443 1956 610 2015 paene
626 1937 697 1999 ad
718 1954 1025 1999 extremum
1044 1937 1308 2002 durmin·
1336 1955 1441 2000 nec

247 2020 512 2082 dividatis
535 2022 825 2098 saeculum,
846 2040 906 2084 et
927 2026 1189 2104 antiquos
1204 2044 1268 2084 ac
1289 2039 1438 2084 vete·

246 2126 339 2166 res
371 2109 581 2167 vocetis
616 2124 867 2169 oratores
884 2151 905 2183 ,
948 2128 1096 2187 quos
1121 2106 1440 2172 eorumdem
1527 2117 1532 2122 ⁴

247 2193 541 2251 hominum
555 2213 712 2253 aures
732 2192 1026 2270 agnoscere
1040 2214 1104 2255 ac
1125 2192 1281 2254 velut
1302 2213 1441 2256 con*

165 2276 494 2353 18jungere
514 2292 573 2335 et
595 2278 852 2358 copulare
884 2291 1199 2358 potuerunt.
1244 2332 1248 2337 .
1287 2283 1441 2342 Haec

249 2360 382 2421 ideo
417 2361 687 2441 praedixi,
718 2378 780 2424 ut
795 2362 842 2426 ‚fi
865 2384 975 2444 qua
998 2384 1071 2425 ex
1096 2366 1291 2427 horum
1315 2385 1442 2428 oro:

249 2462 440 2511 totum
463 2446 605 2514 fama
624 2450 931 2532 gloriaque,
953 2449 1073 2516 laur
1096 2452 1436 2536 temporibus

791 2541 841 2598 L
890 2556 923 2600 2
