<?xml version="1.0" encoding="UTF-8"?>
<!DOCTYPE html PUBLIC "-//W3C//DTD XHTML 1.0 Transitional//EN"
    "http://www.w3.org/TR/xhtml1/DTD/xhtml1-transitional.dtd">
<html xmlns="http://www.w3.org/1999/xhtml" xml:lang="en" lang="en">
 <head>
  <title>
</title>
<meta http-equiv="Content-Type" content="text/html;charset=utf-8" />
  <meta name='ocr-system' content='tesseract 3.04.00' />
  <meta name='ocr-capabilities' content='ocr_page ocr_carea ocr_par ocr_line ocrx_word'/>
</head>
<body>
  <div class='ocr_page' id='page_1' title='image "./ccorneliitaciti05grongoog_0240.png"; bbox 0 0 1759 2992; ppageno 0'>
   <div class='ocr_carea' id='block_1_1' title="bbox 375 141 1354 189">
    <p class='ocr_par' dir='ltr' id='par_1_1' title="bbox 375 141 1354 189">
     <span class='ocr_line' id='line_1_1' title="bbox 375 141 1354 189; baseline -0.004 0"><span class='ocrx_word' id='word_1_1' title='bbox 375 143 503 189; x_wconf 72' lang='lat'>200</span> <span class='ocrx_word' id='word_1_2' title='bbox 571 141 630 184; x_wconf 81' lang='lat' dir='ltr'>C·</span> <span class='ocrx_word' id='word_1_3' title='bbox 660 143 1034 184; x_wconf 67' lang='lat' dir='ltr'>conuntn</span> <span class='ocrx_word' id='word_1_4' title='bbox 1070 143 1354 186; x_wconf 74' lang='lat' dir='ltr'>’rAct‘rt</span> 
     </span>
    </p>
   </div>
   <div class='ocr_carea' id='block_1_2' title="bbox 362 223 1650 2505">
    <p class='ocr_par' dir='ltr' id='par_1_2' title="bbox 362 223 1650 2505">
     <span class='ocr_line' id='line_1_2' title="bbox 369 223 1544 304; baseline -0.001 -19"><span class='ocrx_word' id='word_1_5' title='bbox 369 225 390 258; x_wconf 87' lang='lat'>‘</span> <span class='ocrx_word' id='word_1_6' title='bbox 413 224 607 288; x_wconf 81' lang='lat' dir='ltr'>sumite</span> <span class='ocrx_word' id='word_1_7' title='bbox 651 228 895 285; x_wconf 74' lang='lat' dir='ltr'>animum</span> <span class='ocrx_word' id='word_1_8' title='bbox 913 267 935 300; x_wconf 88' lang='lat'><em>‚</em></span> <span class='ocrx_word' id='word_1_9' title='bbox 979 241 1089 285; x_wconf 80' lang='lat' dir='ltr'>tam</span> <span class='ocrx_word' id='word_1_10' title='bbox 1135 226 1329 304; x_wconf 76' lang='lat' dir='ltr'>quibus</span> <span class='ocrx_word' id='word_1_11' title='bbox 1365 223 1506 286; x_wconf 72' lang='lat' dir='ltr'>salus</span> <span class='ocrx_word' id='word_1_12' title='bbox 1521 265 1544 298; x_wconf 89' lang='lat'><strong>,</strong></span> 
     </span>
     <span class='ocr_line' id='line_1_3' title="bbox 367 307 1550 390; baseline -0.001 -22"><span class='ocrx_word' id='word_1_13' title='bbox 367 307 389 340; x_wconf 85' lang='lat'>‘</span> <span class='ocrx_word' id='word_1_14' title='bbox 412 329 575 388; x_wconf 80' lang='lat' dir='ltr'><strong>quam</strong></span> <span class='ocrx_word' id='word_1_15' title='bbox 595 313 794 390; x_wconf 75' lang='lat' dir='ltr'>quibus</span> <span class='ocrx_word' id='word_1_16' title='bbox 812 311 988 387; x_wconf 80' lang='lat' dir='ltr'>gloria</span> <span class='ocrx_word' id='word_1_17' title='bbox 1004 311 1260 369; x_wconf 77' lang='lat' dir='ltr'>cariffima</span> <span class='ocrx_word' id='word_1_18' title='bbox 1288 310 1382 370; x_wconf 87' lang='lat' dir='ltr'>est.</span> <span class='ocrx_word' id='word_1_19' title='bbox 1426 311 1550 370; x_wconf 91' lang='lat' dir='ltr'>Bri-</span> 
     </span>
     <span class='ocr_line' id='line_1_4' title="bbox 369 394 1547 473; baseline -0.003 -19"><span class='ocrx_word' id='word_1_20' title='bbox 369 400 387 425; x_wconf 91' lang='lat'>‘</span> <span class='ocrx_word' id='word_1_21' title='bbox 411 410 607 473; x_wconf 72' lang='lat' dir='ltr'>gantez</span> <span class='ocrx_word' id='word_1_22' title='bbox 638 394 843 455; x_wconf 78' lang='lat' dir='ltr'>femina</span> <span class='ocrx_word' id='word_1_23' title='bbox 880 395 1034 470; x_wconf 85' lang='lat' dir='ltr'>duce,</span> <span class='ocrx_word' id='word_1_24' title='bbox 1075 415 1303 455; x_wconf 81' lang='lat' dir='ltr'>exurere</span> <span class='ocrx_word' id='word_1_25' title='bbox 1331 394 1547 454; x_wconf 85' lang='lat' dir='ltr'>coloni·</span> 
     </span>
     <span class='ocr_line' id='line_1_5' title="bbox 366 479 1549 557; baseline 0 -19"><span class='ocrx_word' id='word_1_26' title='bbox 366 484 387 510; x_wconf 85' lang='lat'>‘</span> <span class='ocrx_word' id='word_1_27' title='bbox 411 499 498 538; x_wconf 80' lang='lat' dir='ltr'>am</span> <span class='ocrx_word' id='word_1_28' title='bbox 518 521 535 547; x_wconf 91' lang='lat'>‚</span> <span class='ocrx_word' id='word_1_29' title='bbox 572 499 885 557; x_wconf 81' lang='lat' dir='ltr'>expugnare</span> <span class='ocrx_word' id='word_1_30' title='bbox 910 479 1112 551; x_wconf 80' lang='lat' dir='ltr'>castra;</span> <span class='ocrx_word' id='word_1_31' title='bbox 1161 499 1224 542; x_wconf 79' lang='lat' dir='ltr'>ac</span> <span class='ocrx_word' id='word_1_32' title='bbox 1247 480 1345 540; x_wconf 80' lang='lat' dir='ltr'>nifi</span> <span class='ocrx_word' id='word_1_33' title='bbox 1369 479 1549 539; x_wconf 81' lang='lat' dir='ltr'>felici·</span> 
     </span>
     <span class='ocr_line' id='line_1_6' title="bbox 367 561 1650 639; baseline -0.001 -17"><span class='ocrx_word' id='word_1_34' title='bbox 367 569 386 596; x_wconf 87' lang='lat'>‘</span> <span class='ocrx_word' id='word_1_35' title='bbox 409 578 494 622; x_wconf 77' lang='lat' dir='ltr'>tas</span> <span class='ocrx_word' id='word_1_36' title='bbox 515 564 573 621; x_wconf 87' lang='lat' dir='ltr'>in</span> <span class='ocrx_word' id='word_1_37' title='bbox 595 561 897 623; x_wconf 80' lang='lat' dir='ltr'>socordiam</span> <span class='ocrx_word' id='word_1_38' title='bbox 919 562 1150 622; x_wconf 72' lang='lat' dir='ltr'>vertisset</span> <span class='ocrx_word' id='word_1_39' title='bbox 1167 606 1188 631; x_wconf 87' lang='lat'>‚</span> <span class='ocrx_word' id='word_1_40' title='bbox 1228 584 1425 623; x_wconf 82' lang='lat' dir='ltr'>exuere</span> <span class='ocrx_word' id='word_1_41' title='bbox 1449 564 1549 639; x_wconf 85' lang='lat' dir='ltr'>ju·</span> <span class='ocrx_word' id='word_1_42' title='bbox 1643 569 1650 575; x_wconf 82' lang='lat'><em>&#39;</em></span> 
     </span>
     <span class='ocr_line' id='line_1_7' title="bbox 362 647 1549 725; baseline -0.001 -19"><span class='ocrx_word' id='word_1_43' title='bbox 362 647 388 681; x_wconf 87' lang='lat'>‘</span> <span class='ocrx_word' id='word_1_44' title='bbox 407 667 537 724; x_wconf 80' lang='lat' dir='ltr'>gum</span> <span class='ocrx_word' id='word_1_45' title='bbox 560 663 818 725; x_wconf 56' lang='lat' dir='ltr'>potuer&amp;</span> <span class='ocrx_word' id='word_1_46' title='bbox 850 669 954 707; x_wconf 72' lang='lat' dir='ltr'>nos</span> <span class='ocrx_word' id='word_1_47' title='bbox 972 650 1169 725; x_wconf 83' lang='lat' dir='ltr'>integri</span> <span class='ocrx_word' id='word_1_48' title='bbox 1179 665 1239 709; x_wconf 69' lang='lat' dir='ltr'>et</span> <span class='ocrx_word' id='word_1_49' title='bbox 1260 647 1549 721; x_wconf 79' lang='lat' dir='ltr'>indomiti,</span> 
     </span>
     <span class='ocr_line' id='line_1_8' title="bbox 362 730 1546 811; baseline -0.002 -20"><span class='ocrx_word' id='word_1_50' title='bbox 362 732 385 766; x_wconf 74' lang='lat'>⁸</span> <span class='ocrx_word' id='word_1_51' title='bbox 405 748 466 791; x_wconf 85' lang='lat' dir='ltr'>et</span> <span class='ocrx_word' id='word_1_52' title='bbox 486 731 793 792; x_wconf 71' lang='lat' dir='ltr'>libertatem</span> <span class='ocrx_word' id='word_1_53' title='bbox 812 735 1005 792; x_wconf 84' lang='lat' dir='ltr'>nonin</span> <span class='ocrx_word' id='word_1_54' title='bbox 1032 730 1322 811; x_wconf 79' lang='lat' dir='ltr'>praesentia</span> <span class='ocrx_word' id='word_1_55' title='bbox 1350 735 1546 805; x_wconf 83' lang='lat' dir='ltr'>laturi,</span> 
     </span>
     <span class='ocr_line' id='line_1_9' title="bbox 364 815 1552 895; baseline -0.002 -19"><span class='ocrx_word' id='word_1_56' title='bbox 364 816 388 853; x_wconf 77' lang='lat'>‘</span> <span class='ocrx_word' id='word_1_57' title='bbox 412 818 592 895; x_wconf 79' lang='lat' dir='ltr'>primo</span> <span class='ocrx_word' id='word_1_58' title='bbox 625 818 805 878; x_wconf 77' lang='lat' dir='ltr'>statim</span> <span class='ocrx_word' id='word_1_59' title='bbox 835 816 1116 895; x_wconf 85' lang='lat' dir='ltr'>congreffu</span> <span class='ocrx_word' id='word_1_60' title='bbox 1151 838 1268 877; x_wconf 84' lang='lat' dir='ltr'>non</span> <span class='ocrx_word' id='word_1_61' title='bbox 1298 815 1552 877; x_wconf 84' lang='lat' dir='ltr'>ostenda·</span> 
     </span>
     <span class='ocr_line' id='line_1_10' title="bbox 365 899 1549 983; baseline -0.003 -21"><span class='ocrx_word' id='word_1_62' title='bbox 365 903 387 937; x_wconf 73' lang='lat'><em>⁸</em></span> <span class='ocrx_word' id='word_1_63' title='bbox 411 922 535 962; x_wconf 76' lang='lat' dir='ltr'>mus</span> <span class='ocrx_word' id='word_1_64' title='bbox 560 923 703 983; x_wconf 78' lang='lat' dir='ltr'>quos</span> <span class='ocrx_word' id='word_1_65' title='bbox 725 902 820 965; x_wconf 79' lang='lat' dir='ltr'>fibi</span> <span class='ocrx_word' id='word_1_66' title='bbox 836 902 1139 966; x_wconf 80' lang='lat' dir='ltr'>Caledonia</span> <span class='ocrx_word' id='word_1_67' title='bbox 1159 905 1313 963; x_wconf 78' lang='lat' dir='ltr'>viros</span> <span class='ocrx_word' id='word_1_68' title='bbox 1334 899 1549 980; x_wconf 84' lang='lat' dir='ltr'>seposu-</span> 
     </span>
     <span class='ocr_line' id='line_1_11' title="bbox 367 986 1638 1067; baseline -0.001 -21"><span class='ocrx_word' id='word_1_69' title='bbox 367 987 391 1022; x_wconf 88' lang='lat'>‘</span> <span class='ocrx_word' id='word_1_70' title='bbox 412 990 519 1047; x_wconf 85' lang='lat' dir='ltr'>erit</span> <span class='ocrx_word' id='word_1_71' title='bbox 540 989 562 1045; x_wconf 68' lang='grc' dir='ltr'><strong>ἰ</strong></span> <span class='ocrx_word' id='word_1_72' title='bbox 652 996 747 1048; x_wconf 84' lang='lat' dir='ltr'>An</span> <span class='ocrx_word' id='word_1_73' title='bbox 761 989 1006 1050; x_wconf 79' lang='lat' dir='ltr'>eamdem</span> <span class='ocrx_word' id='word_1_74' title='bbox 1021 989 1286 1048; x_wconf 77' lang='lat' dir='ltr'>Romanis</span> <span class='ocrx_word' id='word_1_75' title='bbox 1314 989 1375 1046; x_wconf 85' lang='lat' dir='ltr'>in</span> <span class='ocrx_word' id='word_1_76' title='bbox 1396 986 1539 1045; x_wconf 86' lang='lat' dir='ltr'>bello</span> <span class='ocrx_word' id='word_1_77' title='bbox 1553 1009 1584 1067; x_wconf 86' lang='lat'>3</span> <span class='ocrx_word' id='word_1_78' title='bbox 1601 1010 1638 1053; x_wconf 86' lang='lat'><em>2</em></span> 
     </span>
     <span class='ocr_line' id='line_1_12' title="bbox 367 1072 1550 1152; baseline -0.001 -20"><span class='ocrx_word' id='word_1_79' title='bbox 367 1072 388 1104; x_wconf 88' lang='lat'>‘</span> <span class='ocrx_word' id='word_1_80' title='bbox 412 1075 695 1145; x_wconf 83' lang='lat' dir='ltr'>virtutem,</span> <span class='ocrx_word' id='word_1_81' title='bbox 723 1093 888 1150; x_wconf 81' lang='lat' dir='ltr'><strong>quam</strong></span> <span class='ocrx_word' id='word_1_82' title='bbox 920 1076 979 1132; x_wconf 85' lang='lat' dir='ltr'>in</span> <span class='ocrx_word' id='word_1_83' title='bbox 1002 1094 1132 1152; x_wconf 86' lang='lat' dir='ltr'>pace</span> <span class='ocrx_word' id='word_1_84' title='bbox 1158 1072 1428 1132; x_wconf 80' lang='lat' dir='ltr'>lasciviam</span> <span class='ocrx_word' id='word_1_85' title='bbox 1451 1073 1550 1131; x_wconf 85' lang='lat' dir='ltr'>ad-</span> 
     </span>
     <span class='ocr_line' id='line_1_13' title="bbox 367 1154 1550 1216; baseline 0.001 -2"><span class='ocrx_word' id='word_1_86' title='bbox 367 1157 388 1188; x_wconf 89' lang='lat'>‘</span> <span class='ocrx_word' id='word_1_87' title='bbox 411 1155 514 1214; x_wconf 82' lang='lat' dir='ltr'>effe</span> <span class='ocrx_word' id='word_1_88' title='bbox 530 1157 786 1214; x_wconf 76' lang='lat' dir='ltr'>creditis?</span> <span class='ocrx_word' id='word_1_89' title='bbox 817 1156 1016 1216; x_wconf 77' lang='lat' dir='ltr'>nostris</span> <span class='ocrx_word' id='word_1_90' title='bbox 1038 1157 1115 1213; x_wconf 81' lang='lat' dir='ltr'>illi</span> <span class='ocrx_word' id='word_1_91' title='bbox 1141 1154 1550 1215; x_wconf 70' lang='lat' dir='ltr'>diffinfionibus</span> 
     </span>
     <span class='ocr_line' id='line_1_14' title="bbox 365 1237 1551 1314; baseline 0.002 -18"><span class='ocrx_word' id='word_1_92' title='bbox 365 1239 386 1270; x_wconf 89' lang='lat'>‘</span> <span class='ocrx_word' id='word_1_93' title='bbox 412 1260 473 1296; x_wconf 84' lang='lat' dir='ltr'>ac</span> <span class='ocrx_word' id='word_1_94' title='bbox 489 1237 768 1298; x_wconf 80' lang='lat' dir='ltr'>discordiis</span> <span class='ocrx_word' id='word_1_95' title='bbox 786 1238 936 1310; x_wconf 85' lang='lat' dir='ltr'>clari,</span> <span class='ocrx_word' id='word_1_96' title='bbox 953 1241 1084 1298; x_wconf 78' lang='lat' dir='ltr'>vitia</span> <span class='ocrx_word' id='word_1_97' title='bbox 1100 1240 1330 1299; x_wconf 86' lang='lat' dir='ltr'>hostium</span> <span class='ocrx_word' id='word_1_98' title='bbox 1346 1241 1404 1297; x_wconf 87' lang='lat' dir='ltr'>in</span> <span class='ocrx_word' id='word_1_99' title='bbox 1425 1238 1551 1314; x_wconf 86' lang='lat' dir='ltr'>glo-</span> 
     </span>
     <span class='ocr_line' id='line_1_15' title="bbox 362 1322 1551 1403; baseline 0 -21"><span class='ocrx_word' id='word_1_100' title='bbox 362 1324 388 1355; x_wconf 81' lang='lat'>‘⁴</span> <span class='ocrx_word' id='word_1_101' title='bbox 411 1323 548 1382; x_wconf 84' lang='lat' dir='ltr'>riam</span> <span class='ocrx_word' id='word_1_102' title='bbox 563 1326 833 1382; x_wconf 74' lang='lat' dir='ltr'>exercitus</span> <span class='ocrx_word' id='word_1_103' title='bbox 854 1322 932 1381; x_wconf 80' lang='lat' dir='ltr'>sui</span> <span class='ocrx_word' id='word_1_104' title='bbox 956 1340 1206 1383; x_wconf 83' lang='lat' dir='ltr'>vertunt:</span> <span class='ocrx_word' id='word_1_105' title='bbox 1232 1343 1395 1403; x_wconf 84' lang='lat' dir='ltr'>quem</span> <span class='ocrx_word' id='word_1_106' title='bbox 1409 1343 1551 1382; x_wconf 87' lang='lat' dir='ltr'>con-</span> 
     </span>
     <span class='ocr_line' id='line_1_16' title="bbox 364 1407 1547 1486; baseline -0.001 -19"><span class='ocrx_word' id='word_1_107' title='bbox 364 1408 385 1441; x_wconf 85' lang='lat'>‘</span> <span class='ocrx_word' id='word_1_108' title='bbox 410 1413 633 1469; x_wconf 69' lang='lat' dir='ltr'>trastum</span> <span class='ocrx_word' id='word_1_109' title='bbox 647 1430 720 1468; x_wconf 83' lang='lat' dir='ltr'>ex</span> <span class='ocrx_word' id='word_1_110' title='bbox 732 1407 1087 1469; x_wconf 78' lang='lat' dir='ltr'>diverfissimis</span> <span class='ocrx_word' id='word_1_111' title='bbox 1100 1411 1378 1486; x_wconf 82' lang='lat' dir='ltr'>gentibus,</span> <span class='ocrx_word' id='word_1_112' title='bbox 1390 1424 1451 1467; x_wconf 86' lang='lat' dir='ltr'>ut</span> <span class='ocrx_word' id='word_1_113' title='bbox 1466 1408 1547 1467; x_wconf 87' lang='lat' dir='ltr'>se·</span> 
     </span>
     <span class='ocr_line' id='line_1_17' title="bbox 367 1492 1556 1566; baseline -0.001 -13"><span class='ocrx_word' id='word_1_114' title='bbox 367 1494 394 1540; x_wconf 86' lang='lat'>‘-</span> <span class='ocrx_word' id='word_1_115' title='bbox 413 1494 625 1555; x_wconf 84' lang='lat' dir='ltr'>eundae</span> <span class='ocrx_word' id='word_1_116' title='bbox 655 1515 741 1554; x_wconf 85' lang='lat' dir='ltr'>res</span> <span class='ocrx_word' id='word_1_117' title='bbox 759 1511 976 1566; x_wconf 85' lang='lat' dir='ltr'>tenent,</span> <span class='ocrx_word' id='word_1_118' title='bbox 998 1498 1074 1553; x_wconf 87' lang='lat' dir='ltr'>ita</span> <span class='ocrx_word' id='word_1_119' title='bbox 1096 1493 1343 1555; x_wconf 79' lang='lat' dir='ltr'>adversae</span> <span class='ocrx_word' id='word_1_120' title='bbox 1363 1492 1556 1554; x_wconf 68' lang='lat' dir='ltr'>dissei-⁴</span> 
     </span>
     <span class='ocr_line' id='line_1_18' title="bbox 371 1578 1547 1654; baseline -0.002 -16"><span class='ocrx_word' id='word_1_121' title='bbox 371 1579 392 1612; x_wconf 85' lang='lat'>‘</span> <span class='ocrx_word' id='word_1_122' title='bbox 416 1596 579 1652; x_wconf 83' lang='lat' dir='ltr'>vent;</span> <span class='ocrx_word' id='word_1_123' title='bbox 610 1580 707 1639; x_wconf 84' lang='lat' dir='ltr'>nifi</span> <span class='ocrx_word' id='word_1_124' title='bbox 739 1578 779 1638; x_wconf 85' lang='lat' dir='ltr'><strong>fi</strong></span> <span class='ocrx_word' id='word_1_125' title='bbox 806 1579 999 1640; x_wconf 80' lang='lat' dir='ltr'>Gallos</span> <span class='ocrx_word' id='word_1_126' title='bbox 1020 1623 1036 1654; x_wconf 86' lang='lat'>,</span> <span class='ocrx_word' id='word_1_127' title='bbox 1071 1596 1126 1639; x_wconf 87' lang='lat' dir='ltr'>et</span> <span class='ocrx_word' id='word_1_128' title='bbox 1148 1587 1468 1651; x_wconf 83' lang='lat' dir='ltr'>Germanos,</span> <span class='ocrx_word' id='word_1_129' title='bbox 1489 1595 1547 1637; x_wconf 87' lang='lat' dir='ltr'>et</span> 
     </span>
     <span class='ocr_line' id='line_1_19' title="bbox 369 1662 1554 1743; baseline -0.001 -21"><span class='ocrx_word' id='word_1_130' title='bbox 369 1666 388 1696; x_wconf 93' lang='lat'>‘</span> <span class='ocrx_word' id='word_1_131' title='bbox 411 1663 610 1742; x_wconf 83' lang='lat' dir='ltr'>&lt;pudet</span> <span class='ocrx_word' id='word_1_132' title='bbox 636 1666 814 1739; x_wconf 62' lang='lat' dir='ltr'>dian)</span> <span class='ocrx_word' id='word_1_133' title='bbox 846 1668 1237 1724; x_wconf 82' lang='lat' dir='ltr'>Britannorum</span> <span class='ocrx_word' id='word_1_134' title='bbox 1262 1662 1554 1743; x_wconf 84' lang='lat' dir='ltr'>plerosque·</span> 
     </span>
     <span class='ocr_line' id='line_1_20' title="bbox 369 1747 1544 1824; baseline 0 -17"><span class='ocrx_word' id='word_1_135' title='bbox 369 1748 390 1780; x_wconf 88' lang='lat'>‘</span> <span class='ocrx_word' id='word_1_136' title='bbox 413 1749 780 1808; x_wconf 84' lang='lat' dir='ltr'>dominationi</span> <span class='ocrx_word' id='word_1_137' title='bbox 802 1748 1009 1807; x_wconf 83' lang='lat' dir='ltr'>alienae</span> <span class='ocrx_word' id='word_1_138' title='bbox 1040 1747 1359 1824; x_wconf 86' lang='lat' dir='ltr'>sanguinem</span> <span class='ocrx_word' id='word_1_139' title='bbox 1390 1767 1544 1807; x_wconf 85' lang='lat' dir='ltr'>com-</span> 
     </span>
     <span class='ocr_line' id='line_1_21' title="bbox 365 1832 1541 1909; baseline 0.002 -19"><span class='ocrx_word' id='word_1_140' title='bbox 365 1832 387 1865; x_wconf 87' lang='lat'><em>‘</em></span> <span class='ocrx_word' id='word_1_141' title='bbox 413 1832 718 1904; x_wconf 79' lang='lat' dir='ltr'>medantes,</span> <span class='ocrx_word' id='word_1_142' title='bbox 744 1833 951 1890; x_wconf 79' lang='lat' dir='ltr'>diutius</span> <span class='ocrx_word' id='word_1_143' title='bbox 974 1848 1152 1889; x_wconf 82' lang='lat' dir='ltr'>tamen</span> <span class='ocrx_word' id='word_1_144' title='bbox 1177 1832 1351 1890; x_wconf 78' lang='lat' dir='ltr'>hostes</span> <span class='ocrx_word' id='word_1_145' title='bbox 1376 1852 1541 1909; x_wconf 86' lang='lat' dir='ltr'><strong>quam</strong></span> 
     </span>
     <span class='ocr_line' id='line_1_22' title="bbox 366 1914 1539 1993; baseline -0.001 -19"><span class='ocrx_word' id='word_1_146' title='bbox 366 1915 387 1947; x_wconf 86' lang='lat'>‘</span> <span class='ocrx_word' id='word_1_147' title='bbox 408 1914 617 1988; x_wconf 82' lang='lat' dir='ltr'>servos,</span> <span class='ocrx_word' id='word_1_148' title='bbox 655 1914 760 1973; x_wconf 85' lang='lat' dir='ltr'>fide</span> <span class='ocrx_word' id='word_1_149' title='bbox 786 1930 842 1972; x_wconf 82' lang='lat' dir='ltr'>et</span> <span class='ocrx_word' id='word_1_150' title='bbox 872 1914 1062 1973; x_wconf 65' lang='lat' dir='ltr'>affedu</span> <span class='ocrx_word' id='word_1_151' title='bbox 1096 1917 1271 1973; x_wconf 85' lang='lat' dir='ltr'>teneri</span> <span class='ocrx_word' id='word_1_152' title='bbox 1298 1918 1500 1993; x_wconf 78' lang='lat' dir='ltr'>putatis</span> <span class='ocrx_word' id='word_1_153' title='bbox 1519 1937 1539 1973; x_wconf 73' lang='grc' dir='ltr'><strong><em>ε</em></strong></span> 
     </span>
     <span class='ocr_line' id='line_1_23' title="bbox 368 1997 1540 2074; baseline -0.002 -14"><span class='ocrx_word' id='word_1_154' title='bbox 368 2001 397 2054; x_wconf 58' lang='lat'>⁴,</span> <span class='ocrx_word' id='word_1_155' title='bbox 411 2016 586 2060; x_wconf 78' lang='lat' dir='ltr'><strong>metus</strong></span> <span class='ocrx_word' id='word_1_156' title='bbox 602 2015 653 2057; x_wconf 83' lang='lat' dir='ltr'>et</span> <span class='ocrx_word' id='word_1_157' title='bbox 670 2014 847 2060; x_wconf 70' lang='lat' dir='ltr'>terror</span> <span class='ocrx_word' id='word_1_158' title='bbox 869 1999 964 2074; x_wconf 86' lang='lat' dir='ltr'>est,</span> <span class='ocrx_word' id='word_1_159' title='bbox 982 1997 1198 2058; x_wconf 84' lang='lat' dir='ltr'>infirma</span> <span class='ocrx_word' id='word_1_160' title='bbox 1216 1998 1434 2059; x_wconf 82' lang='lat' dir='ltr'>vincula</span> <span class='ocrx_word' id='word_1_161' title='bbox 1450 2020 1540 2058; x_wconf 81' lang='lat' dir='ltr'>ca-</span> 
     </span>
     <span class='ocr_line' id='line_1_24' title="bbox 371 2086 1544 2164; baseline -0.001 -19"><span class='ocrx_word' id='word_1_162' title='bbox 371 2088 614 2153; x_wconf 50' lang='lat' dir='ltr'>stitatis,</span> <span class='ocrx_word' id='word_1_163' title='bbox 637 2105 775 2163; x_wconf 82' lang='lat' dir='ltr'><strong>quae</strong></span> <span class='ocrx_word' id='word_1_164' title='bbox 790 2087 882 2144; x_wconf 88' lang='lat' dir='ltr'>ubi</span> <span class='ocrx_word' id='word_1_165' title='bbox 904 2086 1219 2159; x_wconf 77' lang='lat' dir='ltr'>removeris,</span> <span class='ocrx_word' id='word_1_166' title='bbox 1246 2086 1341 2164; x_wconf 88' lang='lat' dir='ltr'>qui</span> <span class='ocrx_word' id='word_1_167' title='bbox 1358 2086 1544 2144; x_wconf 84' lang='lat' dir='ltr'>timere</span> 
     </span>
     <span class='ocr_line' id='line_1_25' title="bbox 370 2168 1541 2249; baseline -0.003 -17"><span class='ocrx_word' id='word_1_168' title='bbox 370 2172 393 2204; x_wconf 82' lang='lat'><em>‘</em></span> <span class='ocrx_word' id='word_1_169' title='bbox 416 2168 684 2239; x_wconf 79' lang='lat' dir='ltr'>deflerim,</span> <span class='ocrx_word' id='word_1_170' title='bbox 714 2169 880 2236; x_wconf 61' lang='lat' dir='ltr'>odisti:</span> <span class='ocrx_word' id='word_1_171' title='bbox 895 2171 1176 2249; x_wconf 82' lang='lat' dir='ltr'>incipient.</span> <span class='ocrx_word' id='word_1_172' title='bbox 1225 2171 1412 2227; x_wconf 85' lang='lat' dir='ltr'>omnia</span> <span class='ocrx_word' id='word_1_173' title='bbox 1426 2172 1541 2230; x_wconf 83' lang='lat' dir='ltr'>vic·</span> 
     </span>
     <span class='ocr_line' id='line_1_26' title="bbox 373 2252 1536 2332; baseline -0.001 -19"><span class='ocrx_word' id='word_1_174' title='bbox 373 2262 395 2295; x_wconf 67' lang='lat'>‘</span> <span class='ocrx_word' id='word_1_175' title='bbox 417 2258 590 2315; x_wconf 75' lang='lat' dir='ltr'>toriae</span> <span class='ocrx_word' id='word_1_176' title='bbox 641 2256 988 2315; x_wconf 79' lang='lat' dir='ltr'>incitamenta</span> <span class='ocrx_word' id='word_1_177' title='bbox 1031 2274 1133 2332; x_wconf 85' lang='lat' dir='ltr'>pro</span> <span class='ocrx_word' id='word_1_178' title='bbox 1178 2256 1338 2314; x_wconf 79' lang='lat' dir='ltr'>nobis</span> <span class='ocrx_word' id='word_1_179' title='bbox 1383 2252 1536 2315; x_wconf 83' lang='lat' dir='ltr'>sunt:</span> 
     </span>
     <span class='ocr_line' id='line_1_27' title="bbox 370 2338 1536 2415; baseline 0.001 -20"><span class='ocrx_word' id='word_1_180' title='bbox 370 2338 391 2371; x_wconf 84' lang='lat'>‘</span> <span class='ocrx_word' id='word_1_181' title='bbox 414 2340 594 2398; x_wconf 79' lang='lat' dir='ltr'>nullae</span> <span class='ocrx_word' id='word_1_182' title='bbox 612 2346 895 2405; x_wconf 78' lang='lat' dir='ltr'>Romanos</span> <span class='ocrx_word' id='word_1_183' title='bbox 920 2341 1182 2415; x_wconf 77' lang='lat' dir='ltr'>conjuges</span> <span class='ocrx_word' id='word_1_184' title='bbox 1200 2339 1536 2404; x_wconf 75' lang='lat' dir='ltr'>accendunt:</span> 
     </span>
     <span class='ocr_line' id='line_1_28' title="bbox 367 2420 1539 2505; baseline 0.003 -25"><span class='ocrx_word' id='word_1_185' title='bbox 367 2422 537 2488; x_wconf 50' lang='lat' dir='ltr'>(nulli</span> <span class='ocrx_word' id='word_1_186' title='bbox 551 2440 801 2504; x_wconf 76' lang='lat' dir='ltr'>parentes</span> <span class='ocrx_word' id='word_1_187' title='bbox 813 2424 997 2503; x_wconf 82' lang='lat' dir='ltr'>fugam</span> <span class='ocrx_word' id='word_1_188' title='bbox 1008 2426 1384 2505; x_wconf 77' lang='lat' dir='ltr'>exprobraturi</span> <span class='ocrx_word' id='word_1_189' title='bbox 1402 2420 1539 2490; x_wconf 70' lang='lat' dir='ltr'>sunu</span> 
     </span>
    </p>
   </div>
  </div>
 </body>
</html>
