1759 2992
338 134 454 198 186
529 150 588 192 c.
625 147 1027 191 conuenit
1076 148 1377 192 τΑοιτι

329 230 595 292 discordia
608 231 935 309 laboratum,
959 254 1083 293 cum
1101 234 1331 296 affuetua
1347 253 1517 315 expe·

327 318 631 378 ditionibus
656 317 812 376 miles
851 323 974 379 otio
1010 318 1308 385 lasciveret.
1370 326 1514 380 Tre-

328 403 521 463 bellius
542 402 669 480 fuga
701 424 762 463 ac
785 404 1002 465 latebris
1033 409 1207 467 vitata
1239 408 1514 468 exercitus

326 491 426 563 ira,
464 490 755 549 indecorus
789 505 955 568 atque
987 493 1239 566 humilia,
1270 493 1514 571 precario

328 594 461 635 mox
482 572 747 652 praefuit3
775 594 838 634 ac
861 576 1013 642 velut
1037 580 1178 655 pacti
1197 619 1215 646 ,
1238 580 1514 638 exercitus

325 660 628 733 licentiam,
646 659 762 718 dux
778 657 1024 732 salutum
1046 666 1176 719 haec
1193 661 1382 721 seditio
1398 660 1520 721 fine

327 744 590 822 sanguine
627 744 790 804 stetit.
857 767 964 806 nec
1000 750 1223 805 vectius
1262 747 1514 805 Bolanus

328 832 680 892 manentibus
711 831 888 893 adhuc
910 833 1161 893 civilibus
1180 830 1365 900 benis,
1394 833 1518 910 agi·

329 921 473 978 tavit
488 918 823 977 Britanniam
840 918 1148 997 disciplina,
1166 918 1352 977 eadem
1368 920 1516 976 iner-

330 1005 408 1064 tia
421 1025 548 1082 erga
568 1003 767 1077 hostes,
789 1002 976 1063 similis
994 1005 1296 1082 petulantia
1318 1002 1520 1062 castro-v

327 1111 480 1149 rums
523 1088 621 1148 nifi
658 1089 810 1165 quod
840 1092 1115 1148 innocens
1147 1091 1379 1147 Bolanus
1400 1112 1418 1161 ;
1459 1102 1517 1150 et

329 1173 497 1234 nullis
521 1173 729 1231 delictis
753 1173 976 1231 invisus
994 1214 1015 1246 ,
1045 1174 1322 1233 caritatem
1354 1167 1518 1251 para-

328 1273 480 1318 verat
510 1257 639 1315 loco
672 1259 1027 1317 auctoritatis,
1130 1257 1230 1316 Sed
1260 1259 1352 1316 ubi
1374 1277 1500 1320 cum
1527 1276 1600 1331 17

326 1358 509 1404 cetero
536 1344 670 1401 orbe
704 1340 1063 1422 Vespafianus
1086 1357 1141 1401 et
1172 1344 1515 1404 Britanniam

328 1431 673 1508 reciperavit,
694 1431 879 1506 magui
904 1428 1101 1499 duces,
1124 1430 1325 1508 egregii
1354 1449 1513 1490 exer·

295 1511 302 1517 ⁸
327 1516 496 1586 cituS,
515 1517 732 1574 minuta
752 1515 983 1575 hostium
1001 1514 1116 1594 spes
1136 1538 1153 1574 t
1184 1531 1238 1574 et
1252 1528 1518 1576 terrorem

332 1599 507 1660 statim
533 1601 720 1659 intulit
741 1601 963 1660 Petilius
989 1601 1216 1660 Cerialis
1234 1643 1253 1675 ,
1293 1602 1521 1676 Brigan-

331 1700 449 1745 tum
469 1688 769 1759 civitatem,
791 1706 931 1766 quae
954 1684 1367 1745 numerofiffima
1387 1705 1518 1762 pro·

330 1773 546 1831 vinciae
590 1772 758 1828 totius
813 1774 1119 1847 perhibetur
1138 1812 1156 1839 ‚
1205 1769 1471 1846 aggreffus
1492 1790 1520 1839 ⁸,

331 1855 502 1914 multa
522 1856 750 1932 proelia,
780 1871 834 1913 et
857 1853 1156 1934 aliquando
1178 1875 1297 1913 non
1330 1857 1518 1912 incru-

332 1956 496 1998 entas:
543 1958 905 2017 magnamque
945 1941 1259 2015 Brigantum
1300 1954 1513 2016 partem

331 2041 424 2085 aut
439 2026 660 2083 victoria
677 2024 928 2103 amplexu
937 2045 983 2098 ε,
1008 2040 1100 2083 aut
1117 2024 1285 2085 bello.
1316 2039 1371 2081 et
1386 2044 1513 2084 cum

336 2110 562 2171 Cerialis
585 2110 807 2189 quidem
832 2111 1052 2169 alterius
1080 2108 1387 2170 success'oris
1420 2132 1523 2169 cu·

336 2196 778 2276 ramfamamque
801 2195 1078 2269 obruisset,
1107 2195 1354 2257 sustinuit
1374 2216 1518 2275 quo-

335 2303 443 2358 que
477 2284 677 2341 molem
706 2285 885 2357 Julius
907 2284 1233 2355 Frontinus,
1254 2283 1341 2340 vir
1362 2302 1522 2357 mag«

333 2385 436 2422 nus
453 2384 720 2443 quantum
735 2368 949 2443 licebat,
959 2367 1302 2446 validamque
1316 2382 1367 2424 et
1381 2387 1518 2443 pug-

335 2466 524 2510 nacem
558 2452 791 2518 Silurum
827 2470 1054 2537 gentem«
1073 2457 1238 2516 armis
1270 2450 1510 2530 subegit;
