1759 2992
378 92 489 150 172
584 83 641 135 e.
682 92 1081 135 connum:
1115 91 1401 135 τΑοιτι

364 180 513 238 colae
537 176 701 238 soceri
730 180 836 238 mei
859 176 1152 238 destinatus
1169 220 1191 254 ‚
1221 176 1543 259 profeffione

363 267 583 344 pietatis
598 307 617 340 ,
640 280 734 323 aut
762 262 1016 324 laudatus
1036 266 1140 324 erit
1155 306 1177 341 ,
1207 280 1302 324 aut
1323 260 1543 324 excusa-

363 365 476 409 tus.

363 434 568 550 CNA
584 454 701 494 Ευε
728 435 909 510 Julius
928 436 1184 512 Agricola
1206 451 1390 496 vetere
1404 450 1459 496 et
1479 436 1546 496 il·
1561 463 1603 519 4

527 519 676 580 lustri
717 520 1171 598 Forojulienfium
1203 522 1423 582 colonia
1448 545 1543 583 or·

358 618 471 680 tus,
492 621 786 686 utrumque
799 626 963 664 avum
980 622 1391 685 procuratorem
1405 615 1548 669 Cae-

350 688 534 751 sarum
563 694 779 752 habuite
821 711 960 770 quae
991 690 1249 769 equestris
1273 693 1546 754 nobilitas

359 775 466 850 est3
493 794 644 858 patet
662 778 838 855 Julius
852 779 1153 839 Graecinus
1169 776 1421 837 senatorii
1444 799 1545 838 or—
1591 805 1604 812 ·

362 862 533 938 dinis,
563 864 740 924 studio
762 865 1108 943 eloquentiae
1144 861 1547 944 sapientiaeque

363 966 535 1009 notus
556 974 573 1023 ;
597 949 766 1029 iisque
788 952 1082 1009 virtutibus
1105 951 1238 1009 iram
1267 951 1383 1008 Caii
1410 957 1544 1009 Cae·

360 1034 494 1095 saris
510 1040 755 1095 meritus.
799 1057 1039 1115 namque
1054 1043 1296 1096 Marcum
1308 1036 1543 1096 Silanum

357 1119 820 1197 accusarejuffus3
848 1136 903 1178 et
920 1123 1047 1197 quia
1062 1123 1343 1193 abnuerat,
1372 1124 1544 1181 inter·

355 1205 524 1265 fectus
543 1204 637 1264 est.
684 1220 857 1263 mater
876 1205 1019 1279 Julia
1042 1205 1271 1263 Procilla
1293 1204 1421 1280 suit,
1450 1228 1543 1266 ra-

355 1310 446 1352 rae
463 1288 750 1363 castitatis;
777 1292 836 1347 in
857 1291 1020 1366 hujus
1038 1288 1153 1348 {inu
1169 1289 1545 1368 indulgentia·

360 1396 468 1458 que
490 1378 745 1437 educatus
767 1419 785 1450 ,
824 1397 919 1455 per
943 1396 1167 1434 omnem
1190 1375 1542 1439 honestarum

361 1466 559 1525 artium
577 1463 781 1521 cultum
798 1464 1082 1541 pueritiam
1099 1455 1556 1524 adolescentiam·¹

318 1615 323 1622 ,
363 1572 474 1632 que
494 1548 770 1627 transegit.
814 1550 1027 1608 arcebat
1050 1569 1172 1607 eum
1199 1552 1266 1608 ab
1279 1549 1540 1610 illecebris

362 1638 705 1718 peccantium
740 1652 954 1714 praeter
991 1633 1153 1714 ipsius
1177 1637 1373 1694 bonam
1394 1637 1536 1693 inte·

360 1742 629 1800 gramque
652 1737 898 1781 naturam
917 1765 936 1795 ,
967 1719 1116 1798 quod
1143 1717 1312 1778 statim
1336 1738 1531 1797 parvu-

360 1808 447 1868 lus
463 1806 638 1867 sedem
654 1830 718 1868 ac
734 1807 1032 1883 magistram
1049 1804 1340 1863 studiorum
1355 1803 1534 1863 Maffi·

359 1892 487 1954 liam
522 1894 806 1967 habuerit,
843 1893 1024 1952 locum
1047 1898 1249 1948 Graeca
1277 1891 1539 1950 comitate

361 1993 421 2039 et
455 1979 779 2058 provinciali
818 1978 1151 2057 parcimonia
1184 1973 1396 2035 mistum
1413 2018 1431 2048 ‚
1471 1996 1540 2037 ac

362 2067 499 2126 bene
519 2064 901 2143 compofitum.
945 2064 1203 2122 memoria
1225 2076 1388 2120 teneo
1412 2060 1540 2122 soli·

361 2166 479 2211 tum
503 2149 675 2229 ipsum
700 2161 940 2222 narrare,
962 2149 983 2180 ‘
1001 2148 1131 2207 sein
1152 2148 1541 2227 ptimajuven-

361 2237 384 2269 ‘
408 2252 462 2295 ta
483 2236 713 2296 studium
736 2234 1109 2314 philosophiae
1128 2255 1191 2292 ac
1207 2234 1374 2311 juris,
1399 2236 1543 2294 ultra

360 2320 383 2352 ‘
408 2340 572 2397 quam
626 2319 929 2379 conceffum
983 2327 1148 2379 Rom.
1197 2340 1260 2379 ac
1303 2318 1543 2380 senatori

357 2400 380 2435 ‘
399 2403 618 2466 hauliss'e
627 2428 653 2466 z
666 2408 729 2466 ni
740 2405 1034 2487 prudentia
1049 2409 1238 2471 matris
1256 2402 1540 2468 incensum
