1759 2992
396 166 1170 232 JumxActinc.v1rA.
1263 175 1375 236 173

203 264 227 299 ‘
247 285 313 325 ac
350 265 662 342 flagrantem
701 265 938 322 animum
978 258 1296 321 coe'rcuiss'et
1318 282 1337 330 3
1362 260 1382 286 '

205 350 408 413 scilicet
447 348 670 409 sublime
708 364 764 407 et
802 353 1034 407 ereetum
1069 348 1346 424 ingenium
1365 387 1387 420 ,

205 434 665 516 pulchritudinem
681 455 742 494 ac
755 432 981 514 speciem
995 432 1229 492 excelsae
1240 453 1389 509 mag-

205 542 418 602 naeque
430 522 638 600 gloriae
654 522 1029 580 vehementius
1050 540 1210 599 quam
1229 534 1389 579 caute

204 610 484 687 appetebat
501 631 519 679 ;
541 628 673 667 mox
690 609 962 685 mitigavit
979 610 1120 665 ratio
1136 623 1190 664 et
1206 620 1352 663 aetas
1365 625 1386 663 ε
1419 605 1430 614 ’

205 697 558 774 retinuitque,
584 693 737 773 quod
767 693 839 753 est
869 691 1247 751 difficillimum
1267 732 1287 765 ,
1316 708 1390 749 ex

169 799 200 855 5
218 778 475 859 sapientia
515 778 765 845 modum.
876 780 1053 835 Prima
1096 777 1390 835 castrorum

206 866 516 924 rudimenta
546 867 603 922 in
629 864 916 921 Britannia
944 864 1206 920 Suetonio
1233 859 1391 919 Paul-

207 949 325 1008 lino
348 949 594 1025 diligenti
632 967 696 1006 ac
717 946 1001 1005 moderato
1033 946 1160 1004 duci
1188 964 1392 1023 appro-

205 1036 379 1108 bavit,
419 1035 639 1106 elee'tuS,
668 1051 829 1112 quem
853 1031 1217 1090 contubernio
1243 1029 1393 1089 aesti-

207 1137 404 1180 maret.
468 1140 570 1179 nec
595 1117 848 1195 Agricola
866 1119 1092 1177 licenter
1117 1137 1270 1177 more
1295 1117 1390 1195 ju·

206 1227 410 1267 venum
430 1247 450 1281 ,
484 1208 579 1285 qui
602 1206 890 1265 militiatn
875 1225 934 1263 m
967 1203 1244 1264 lasciviam
1267 1224 1393 1263 ver-

204 1308 370 1367 tunt,
405 1312 584 1372 neque
620 1290 851 1369 segniter
885 1291 951 1351 ad
984 1291 1296 1370 voluptates
1333 1306 1392 1349 et

206 1393 543 1437 commeatus
568 1378 785 1436 titulum
816 1379 1125 1435 tribunatus
1157 1393 1214 1435 et
1230 1374 1393 1435 insci·

208 1463 339 1520 tiam
373 1461 618 1520 rettulit:
656 1461 743 1520 sed
776 1460 1001 1521 noscere
1029 1462 1397 1541 provinciam,

207 1545 357 1605 nosci
380 1549 679 1618 exercitui,
708 1546 906 1604 discere
937 1567 967 1602 a
998 1547 1187 1623 peritis
1197 1587 1216 1618 ‚
1242 1544 1395 1623 sequi

207 1632 473 1709 optimos,
489 1632 625 1690 nihil
642 1646 895 1711 appetere
911 1630 1236 1708 jactatione,
1256 1629 1403 1689 nihili

205 1722 281 1778 ob
304 1716 649 1778 fonnidinem
673 1713 936 1792 recusare,
956 1715 1216 1795 fimulque
1237 1717 1406 1776 anxi-.

207 1824 276 1862 us
298 1817 356 1861 et
377 1806 623 1864 intentus
646 1823 820 1882 agere.
863 1824 980 1862 non
999 1802 1123 1863 sane
1145 1804 1274 1863 alias
1296 1823 1404 1862 ex*

207 1891 509 1963 etcitatior‚
534 1890 807 1968 magisque
828 1892 892 1949 in
905 1893 1161 1967 ambiguo
1178 1892 1405 1950 Britan·.

208 1975 300 2032 nia
314 1973 416 2032 fuit
435 1999 452 2048 ;
482 1977 735 2035 trucidati
750 1980 995 2035 veterani
1000 2020 1019 2051 ‚
1039 1976 1282 2036 incensae
1297 1996 1400 2034 co-.

207 2059 411 2133 Ioniae,
433 2062 728 2139 intercepti·
744 2064 1046 2132 exercitus;
1082 2078 1198 2119 tum
1224 2060 1291 2119 de
1314 2059 1397 2117 sa-

206 2142 344 2215 lute,
373 2163 506 2202 mox
542 2145 610 2203 de
646 2148 876 2204 victoria
897 2160 1192 2204 certavere.
1253 2163 1407 2224 quae·

206 2231 401 2287 cuneta
421 2226 514 2286 etfi
538 2228 775 2287 consiliis
796 2229 1068 2306 duetuque
1089 2230 1313 2288 alterius
1337 2251 1394 2289 a·

206 2315 492 2392 gebantur,
510 2335 573 2373 ac
588 2313 790 2373 summa
809 2334 985 2373 rernm
1002 2328 1055 2372 et
1073 2316 1411 2395 reciperatae·

210 2401 524 2478 provinciae
539 2401 784 2478 gloriam
801 2400 993 2459 ducem
1018 2402 1192 2476 eeffit;
1224 2420 1413 2466 artem.

213 2487 440 2556 ctusum
458 2502 515 2548 et
529 2486 775 2548 stimulos
788 2485 1077 2547 addidere'
1051 2490 1282 2566 juveni·
1282 2491 1416 2562 ίῳ.

738 2577 878 2664 ΗΞ
