<?xml version="1.0" encoding="UTF-8"?>
<!DOCTYPE html PUBLIC "-//W3C//DTD XHTML 1.0 Transitional//EN"
    "http://www.w3.org/TR/xhtml1/DTD/xhtml1-transitional.dtd">
<html xmlns="http://www.w3.org/1999/xhtml" xml:lang="en" lang="en">
 <head>
  <title>
</title>
<meta http-equiv="Content-Type" content="text/html;charset=utf-8" />
  <meta name='ocr-system' content='tesseract 3.04.00' />
  <meta name='ocr-capabilities' content='ocr_page ocr_carea ocr_par ocr_line ocrx_word'/>
</head>
<body>
  <div class='ocr_page' id='page_1' title='image "./ccorneliitaciti05grongoog_0331.png"; bbox 0 0 1759 2992; ppageno 0'>
   <div class='ocr_carea' id='block_1_1' title="bbox 591 118 1409 182">
    <p class='ocr_par' dir='ltr' id='par_1_1' title="bbox 591 118 1409 182">
     <span class='ocr_line' id='line_1_1' title="bbox 591 118 1409 182; baseline -0.005 0"><span class='ocrx_word' id='word_1_1' title='bbox 591 137 1048 182; x_wconf 73' lang='grc' dir='ltr'><strong>υιΑιοαυε.</strong></span> <span class='ocrx_word' id='word_1_2' title='bbox 1293 118 1409 180; x_wconf 83' lang='lat'>281</span> 
     </span>
    </p>
   </div>
   <div class='ocr_carea' id='block_1_2' title="bbox 228 216 1436 2441">
    <p class='ocr_par' dir='ltr' id='par_1_2' title="bbox 228 216 1436 2441">
     <span class='ocr_line' id='line_1_2' title="bbox 228 216 1417 303; baseline -0.008 -17"><span class='ocrx_word' id='word_1_3' title='bbox 228 222 329 286; x_wconf 83' lang='lat' dir='ltr'>nifi</span> <span class='ocrx_word' id='word_1_4' title='bbox 355 220 508 303; x_wconf 86' lang='lat' dir='ltr'>quod</span> <span class='ocrx_word' id='word_1_5' title='bbox 529 235 623 280; x_wconf 85' lang='lat' dir='ltr'>aut</span> <span class='ocrx_word' id='word_1_6' title='bbox 644 221 860 281; x_wconf 80' lang='lat' dir='ltr'>vicinus</span> <span class='ocrx_word' id='word_1_7' title='bbox 889 218 1129 300; x_wconf 83' lang='lat' dir='ltr'>populus</span> <span class='ocrx_word' id='word_1_8' title='bbox 1147 260 1167 293; x_wconf 95' lang='lat'>,</span> <span class='ocrx_word' id='word_1_9' title='bbox 1190 232 1284 277; x_wconf 80' lang='lat' dir='ltr'>aut</span> <span class='ocrx_word' id='word_1_10' title='bbox 1313 216 1417 277; x_wconf 93' lang='lat' dir='ltr'>do-</span> 
     </span>
     <span class='ocr_line' id='line_1_3' title="bbox 228 305 1416 383; baseline -0.006 -13"><span class='ocrx_word' id='word_1_11' title='bbox 228 310 446 370; x_wconf 80' lang='lat' dir='ltr'>mestica</span> <span class='ocrx_word' id='word_1_12' title='bbox 465 306 734 367; x_wconf 83' lang='lat' dir='ltr'>discordia</span> <span class='ocrx_word' id='word_1_13' title='bbox 755 308 928 383; x_wconf 81' lang='lat' dir='ltr'>agitat</span> <span class='ocrx_word' id='word_1_14' title='bbox 951 308 970 363; x_wconf 84' lang='lat'>?</span> <span class='ocrx_word' id='word_1_15' title='bbox 1000 324 1162 383; x_wconf 80' lang='lat' dir='ltr'>quam</span> <span class='ocrx_word' id='word_1_16' title='bbox 1187 305 1416 383; x_wconf 84' lang='lat' dir='ltr'>provin·</span> 
     </span>
     <span class='ocr_line' id='line_1_4' title="bbox 230 389 1416 469; baseline -0.005 -13"><span class='ocrx_word' id='word_1_17' title='bbox 230 400 370 457; x_wconf 86' lang='lat' dir='ltr'>ciam</span> <span class='ocrx_word' id='word_1_18' title='bbox 394 411 646 467; x_wconf 88' lang='lat' dir='ltr'>tuemur,</span> <span class='ocrx_word' id='word_1_19' title='bbox 691 390 791 451; x_wconf 77' lang='lat' dir='ltr'>nifi</span> <span class='ocrx_word' id='word_1_20' title='bbox 828 389 1109 469; x_wconf 76' lang='lat' dir='ltr'>spoliatam</span> <span class='ocrx_word' id='word_1_21' title='bbox 1137 405 1416 452; x_wconf 84' lang='lat' dir='ltr'>vexatam-</span> 
     </span>
     <span class='ocr_line' id='line_1_5' title="bbox 232 475 1419 561; baseline -0.007 -20"><span class='ocrx_word' id='word_1_22' title='bbox 232 482 386 561; x_wconf 82' lang='lat' dir='ltr'>que?</span> <span class='ocrx_word' id='word_1_23' title='bbox 428 481 580 559; x_wconf 85' lang='lat' dir='ltr'>atqui</span> <span class='ocrx_word' id='word_1_24' title='bbox 618 477 808 538; x_wconf 76' lang='lat' dir='ltr'>meliu&#39;s</span> <span class='ocrx_word' id='word_1_25' title='bbox 843 475 1021 536; x_wconf 87' lang='lat' dir='ltr'>fuisset</span> <span class='ocrx_word' id='word_1_26' title='bbox 1061 497 1179 536; x_wconf 87' lang='lat' dir='ltr'>non</span> <span class='ocrx_word' id='word_1_27' title='bbox 1225 477 1419 556; x_wconf 88' lang='lat' dir='ltr'>queri,</span> 
     </span>
     <span class='ocr_line' id='line_1_6' title="bbox 232 562 1419 645; baseline -0.006 -19"><span class='ocrx_word' id='word_1_28' title='bbox 232 587 399 645; x_wconf 78' lang='lat' dir='ltr'>quam</span> <span class='ocrx_word' id='word_1_29' title='bbox 422 564 704 624; x_wconf 83' lang='lat' dir='ltr'>vindicari.</span> <span class='ocrx_word' id='word_1_30' title='bbox 751 563 905 644; x_wconf 88' lang='lat' dir='ltr'>quod</span> <span class='ocrx_word' id='word_1_31' title='bbox 928 562 967 622; x_wconf 84' lang='lat' dir='ltr'>fi</span> <span class='ocrx_word' id='word_1_32' title='bbox 998 564 1339 623; x_wconf 85' lang='lat' dir='ltr'>inveniretur</span> <span class='ocrx_word' id='word_1_33' title='bbox 1360 582 1419 619; x_wconf 84' lang='lat' dir='ltr'>a·</span> 
     </span>
     <span class='ocr_line' id='line_1_7' title="bbox 231 647 1418 733; baseline -0.005 -22"><span class='ocrx_word' id='word_1_34' title='bbox 231 653 381 733; x_wconf 81' lang='lat' dir='ltr'>liqna</span> <span class='ocrx_word' id='word_1_35' title='bbox 398 654 592 713; x_wconf 83' lang='lat' dir='ltr'>civitas</span> <span class='ocrx_word' id='word_1_36' title='bbox 618 652 678 708; x_wconf 88' lang='lat' dir='ltr'>in</span> <span class='ocrx_word' id='word_1_37' title='bbox 705 670 814 729; x_wconf 83' lang='lat' dir='ltr'>qua</span> <span class='ocrx_word' id='word_1_38' title='bbox 837 670 1005 709; x_wconf 86' lang='lat' dir='ltr'>nemo</span> <span class='ocrx_word' id='word_1_39' title='bbox 1035 663 1300 727; x_wconf 84' lang='lat' dir='ltr'>peccaret,</span> <span class='ocrx_word' id='word_1_40' title='bbox 1333 647 1418 707; x_wconf 89' lang='lat' dir='ltr'>su-</span> 
     </span>
     <span class='ocr_line' id='line_1_8' title="bbox 231 734 1421 817; baseline -0.006 -19"><span class='ocrx_word' id='word_1_41' title='bbox 231 747 535 817; x_wconf 76' lang='lat' dir='ltr'>pervacuus</span> <span class='ocrx_word' id='word_1_42' title='bbox 549 734 677 796; x_wconf 69' lang='lat' dir='ltr'>eflet</span> <span class='ocrx_word' id='word_1_43' title='bbox 690 738 832 794; x_wconf 87' lang='lat' dir='ltr'>inter</span> <span class='ocrx_word' id='word_1_44' title='bbox 854 738 953 794; x_wconf 85' lang='lat' dir='ltr'>iun</span> <span class='ocrx_word' id='word_1_45' title='bbox 960 749 1184 794; x_wconf 87' lang='lat' dir='ltr'>ocentes</span> <span class='ocrx_word' id='word_1_46' title='bbox 1207 749 1421 808; x_wconf 83' lang='lat' dir='ltr'>orator,</span> 
     </span>
     <span class='ocr_line' id='line_1_9' title="bbox 233 818 1423 897; baseline -0.005 -14"><span class='ocrx_word' id='word_1_47' title='bbox 233 823 371 883; x_wconf 89' lang='lat' dir='ltr'>ficut</span> <span class='ocrx_word' id='word_1_48' title='bbox 397 826 546 881; x_wconf 87' lang='lat' dir='ltr'>inter</span> <span class='ocrx_word' id='word_1_49' title='bbox 579 818 739 879; x_wconf 79' lang='lat' dir='ltr'>sanos</span> <span class='ocrx_word' id='word_1_50' title='bbox 771 821 1036 879; x_wconf 79' lang='lat' dir='ltr'>medicus.</span> <span class='ocrx_word' id='word_1_51' title='bbox 1099 839 1213 897; x_wconf 93' lang='lat' dir='ltr'>quo</span> <span class='ocrx_word' id='word_1_52' title='bbox 1254 819 1423 877; x_wconf 89' lang='lat' dir='ltr'>modo</span> 
     </span>
     <span class='ocr_line' id='line_1_10' title="bbox 236 903 1422 982; baseline -0.003 -17"><span class='ocrx_word' id='word_1_53' title='bbox 236 924 421 968; x_wconf 85' lang='lat' dir='ltr'>tamen</span> <span class='ocrx_word' id='word_1_54' title='bbox 439 908 727 965; x_wconf 86' lang='lat' dir='ltr'>minimum</span> <span class='ocrx_word' id='word_1_55' title='bbox 744 903 867 963; x_wconf 81' lang='lat' dir='ltr'>usus</span> <span class='ocrx_word' id='word_1_56' title='bbox 885 906 1282 982; x_wconf 83' lang='lat' dir='ltr'>minimumque</span> <span class='ocrx_word' id='word_1_57' title='bbox 1297 924 1422 981; x_wconf 86' lang='lat' dir='ltr'>pro·</span> 
     </span>
     <span class='ocr_line' id='line_1_11' title="bbox 235 989 1425 1065; baseline -0.003 -14"><span class='ocrx_word' id='word_1_58' title='bbox 235 989 410 1051; x_wconf 66' lang='lat' dir='ltr'>fectus</span> <span class='ocrx_word' id='word_1_59' title='bbox 440 1011 528 1050; x_wconf 81' lang='lat' dir='ltr'>ars</span> <span class='ocrx_word' id='word_1_60' title='bbox 562 989 827 1049; x_wconf 80' lang='lat' dir='ltr'>medentis</span> <span class='ocrx_word' id='word_1_61' title='bbox 854 992 1019 1048; x_wconf 81' lang='lat' dir='ltr'>habet</span> <span class='ocrx_word' id='word_1_62' title='bbox 1048 992 1105 1048; x_wconf 89' lang='lat' dir='ltr'>in</span> <span class='ocrx_word' id='word_1_63' title='bbox 1131 991 1216 1047; x_wconf 80' lang='lat' dir='ltr'>bis</span> <span class='ocrx_word' id='word_1_64' title='bbox 1244 991 1425 1065; x_wconf 86' lang='lat' dir='ltr'>genti-</span> 
     </span>
     <span class='ocr_line' id='line_1_12' title="bbox 238 1072 1424 1155; baseline -0.003 -19"><span class='ocrx_word' id='word_1_65' title='bbox 238 1080 366 1151; x_wconf 78' lang='lat' dir='ltr'>bus,</span> <span class='ocrx_word' id='word_1_66' title='bbox 388 1096 529 1155; x_wconf 78' lang='lat' dir='ltr'>quae</span> <span class='ocrx_word' id='word_1_67' title='bbox 553 1074 843 1136; x_wconf 72' lang='lat' dir='ltr'>firmiffima</span> <span class='ocrx_word' id='word_1_68' title='bbox 868 1072 1184 1135; x_wconf 82' lang='lat' dir='ltr'>valetudine</span> <span class='ocrx_word' id='word_1_69' title='bbox 1205 1093 1269 1134; x_wconf 81' lang='lat' dir='ltr'>ac</span> <span class='ocrx_word' id='word_1_70' title='bbox 1284 1072 1424 1135; x_wconf 83' lang='lat' dir='ltr'>salu-</span> 
     </span>
     <span class='ocr_line' id='line_1_13' title="bbox 238 1158 1425 1240; baseline -0.003 -17"><span class='ocrx_word' id='word_1_71' title='bbox 238 1164 487 1224; x_wconf 81' lang='lat' dir='ltr'>berrimis</span> <span class='ocrx_word' id='word_1_72' title='bbox 503 1162 830 1240; x_wconf 75' lang='lat' dir='ltr'>corporibus</span> <span class='ocrx_word' id='word_1_73' title='bbox 853 1176 1119 1222; x_wconf 74' lang='lat' dir='ltr'>utunturz</span> <span class='ocrx_word' id='word_1_74' title='bbox 1143 1158 1215 1221; x_wconf 82' lang='lat' dir='ltr'>fic</span> <span class='ocrx_word' id='word_1_75' title='bbox 1240 1161 1425 1220; x_wconf 82' lang='lat' dir='ltr'>minor</span> 
     </span>
     <span class='ocr_line' id='line_1_14' title="bbox 237 1245 1427 1328; baseline -0.003 -18"><span class='ocrx_word' id='word_1_76' title='bbox 237 1265 522 1310; x_wconf 82' lang='lat' dir='ltr'>oratorum</span> <span class='ocrx_word' id='word_1_77' title='bbox 552 1246 933 1328; x_wconf 79' lang='lat' dir='ltr'>obscuriorque</span> <span class='ocrx_word' id='word_1_78' title='bbox 966 1247 1141 1326; x_wconf 85' lang='lat' dir='ltr'>gloria</span> <span class='ocrx_word' id='word_1_79' title='bbox 1173 1245 1247 1307; x_wconf 88' lang='lat' dir='ltr'>est</span> <span class='ocrx_word' id='word_1_80' title='bbox 1281 1248 1427 1307; x_wconf 82' lang='lat' dir='ltr'>inter</span> 
     </span>
     <span class='ocr_line' id='line_1_15' title="bbox 239 1332 1427 1414; baseline -0.003 -19"><span class='ocrx_word' id='word_1_81' title='bbox 239 1337 425 1395; x_wconf 78' lang='lat' dir='ltr'>bonos</span> <span class='ocrx_word' id='word_1_82' title='bbox 454 1356 662 1408; x_wconf 79' lang='lat' dir='ltr'>mores,</span> <span class='ocrx_word' id='word_1_83' title='bbox 689 1349 746 1394; x_wconf 84' lang='lat' dir='ltr'>et</span> <span class='ocrx_word' id='word_1_84' title='bbox 766 1337 827 1394; x_wconf 86' lang='lat' dir='ltr'>in</span> <span class='ocrx_word' id='word_1_85' title='bbox 842 1332 1162 1414; x_wconf 81' lang='lat' dir='ltr'>obsequium</span> <span class='ocrx_word' id='word_1_86' title='bbox 1190 1335 1427 1411; x_wconf 75' lang='lat' dir='ltr'>regentis</span> 
     </span>
     <span class='ocr_line' id='line_1_16' title="bbox 242 1419 1429 1500; baseline 0.001 -23"><span class='ocrx_word' id='word_1_87' title='bbox 242 1435 483 1499; x_wconf 81' lang='lat' dir='ltr'>paratos.</span> <span class='ocrx_word' id='word_1_88' title='bbox 530 1420 840 1499; x_wconf 85' lang='lat' dir='ltr'>quidenim</span> <span class='ocrx_word' id='word_1_89' title='bbox 877 1440 1021 1500; x_wconf 73' lang='lat' dir='ltr'>opus</span> <span class='ocrx_word' id='word_1_90' title='bbox 1042 1419 1118 1480; x_wconf 86' lang='lat' dir='ltr'>est</span> <span class='ocrx_word' id='word_1_91' title='bbox 1156 1419 1342 1496; x_wconf 82' lang='lat' dir='ltr'>longis</span> <span class='ocrx_word' id='word_1_92' title='bbox 1365 1420 1429 1478; x_wconf 81' lang='lat' dir='ltr'>in</span> 
     </span>
     <span class='ocr_line' id='line_1_17' title="bbox 241 1502 1436 1584; baseline -0.001 -20"><span class='ocrx_word' id='word_1_93' title='bbox 241 1503 433 1565; x_wconf 73' lang='lat' dir='ltr'>stuatu</span> <span class='ocrx_word' id='word_1_94' title='bbox 451 1502 757 1580; x_wconf 76' lang='lat' dir='ltr'>sententiis,</span> <span class='ocrx_word' id='word_1_95' title='bbox 781 1524 909 1564; x_wconf 81' lang='lat' dir='ltr'>cum</span> <span class='ocrx_word' id='word_1_96' title='bbox 930 1504 1128 1584; x_wconf 80' lang='lat' dir='ltr'>optimi</span> <span class='ocrx_word' id='word_1_97' title='bbox 1150 1506 1266 1564; x_wconf 87' lang='lat' dir='ltr'>cito</span> <span class='ocrx_word' id='word_1_98' title='bbox 1289 1524 1436 1584; x_wconf 7' lang='lat' dir='ltr'>con-p</span> 
     </span>
     <span class='ocr_line' id='line_1_18' title="bbox 243 1586 1429 1671; baseline 0 -20"><span class='ocrx_word' id='word_1_99' title='bbox 243 1586 524 1651; x_wconf 81' lang='lat' dir='ltr'>sentiant?</span> <span class='ocrx_word' id='word_1_100' title='bbox 579 1588 714 1669; x_wconf 90' lang='lat' dir='ltr'>quid</span> <span class='ocrx_word' id='word_1_101' title='bbox 757 1591 945 1650; x_wconf 77' lang='lat' dir='ltr'>multis</span> <span class='ocrx_word' id='word_1_102' title='bbox 983 1589 1125 1668; x_wconf 85' lang='lat' dir='ltr'>apud</span> <span class='ocrx_word' id='word_1_103' title='bbox 1162 1590 1429 1671; x_wconf 83' lang='lat' dir='ltr'>populum</span> 
     </span>
     <span class='ocr_line' id='line_1_19' title="bbox 241 1673 1427 1757; baseline -0.001 -22"><span class='ocrx_word' id='word_1_104' title='bbox 241 1676 630 1750; x_wconf 81' lang='lat' dir='ltr'>concionibus,</span> <span class='ocrx_word' id='word_1_105' title='bbox 653 1694 778 1737; x_wconf 84' lang='lat' dir='ltr'>cum</span> <span class='ocrx_word' id='word_1_106' title='bbox 802 1673 869 1734; x_wconf 89' lang='lat' dir='ltr'>de</span> <span class='ocrx_word' id='word_1_107' title='bbox 891 1676 1166 1757; x_wconf 71' lang='lat' dir='ltr'>republica</span> <span class='ocrx_word' id='word_1_108' title='bbox 1186 1695 1305 1736; x_wconf 83' lang='lat' dir='ltr'>non</span> <span class='ocrx_word' id='word_1_109' title='bbox 1324 1676 1427 1735; x_wconf 84' lang='lat' dir='ltr'>im-</span> 
     </span>
     <span class='ocr_line' id='line_1_20' title="bbox 239 1758 1428 1843; baseline 0.001 -22"><span class='ocrx_word' id='word_1_110' title='bbox 239 1763 405 1843; x_wconf 87' lang='lat' dir='ltr'>periti</span> <span class='ocrx_word' id='word_1_111' title='bbox 418 1776 476 1823; x_wconf 88' lang='lat' dir='ltr'>et</span> <span class='ocrx_word' id='word_1_112' title='bbox 489 1760 651 1823; x_wconf 85' lang='lat' dir='ltr'>multi</span> <span class='ocrx_word' id='word_1_113' title='bbox 670 1760 989 1838; x_wconf 82' lang='lat' dir='ltr'>deliberent,</span> <span class='ocrx_word' id='word_1_114' title='bbox 1011 1758 1100 1821; x_wconf 73' lang='lat' dir='ltr'>sed</span> <span class='ocrx_word' id='word_1_115' title='bbox 1114 1760 1428 1843; x_wconf 83' lang='lat' dir='ltr'>sapientiffi-</span> 
     </span>
     <span class='ocr_line' id='line_1_21' title="bbox 239 1844 1429 1928; baseline -0.001 -19"><span class='ocrx_word' id='word_1_116' title='bbox 239 1868 366 1909; x_wconf 81' lang='lat' dir='ltr'>mus</span> <span class='ocrx_word' id='word_1_117' title='bbox 398 1863 456 1909; x_wconf 88' lang='lat' dir='ltr'>et</span> <span class='ocrx_word' id='word_1_118' title='bbox 485 1849 666 1909; x_wconf 82' lang='lat' dir='ltr'>unus?</span> <span class='ocrx_word' id='word_1_119' title='bbox 699 1847 831 1928; x_wconf 87' lang='lat' dir='ltr'>quid</span> <span class='ocrx_word' id='word_1_120' title='bbox 860 1849 1187 1910; x_wconf 76' lang='lat' dir='ltr'>voluntariis</span> <span class='ocrx_word' id='word_1_121' title='bbox 1211 1844 1429 1911; x_wconf 78' lang='lat' dir='ltr'>accusa·</span> 
     </span>
     <span class='ocr_line' id='line_1_22' title="bbox 241 1936 1429 2016; baseline 0.001 -23"><span class='ocrx_word' id='word_1_122' title='bbox 241 1936 652 2009; x_wconf 71' lang='lat' dir='ltr'>tionibu3,cum</span> <span class='ocrx_word' id='word_1_123' title='bbox 670 1951 781 1997; x_wconf 87' lang='lat' dir='ltr'>tam</span> <span class='ocrx_word' id='word_1_124' title='bbox 798 1956 924 1995; x_wconf 84' lang='lat' dir='ltr'>raro</span> <span class='ocrx_word' id='word_1_125' title='bbox 935 1951 991 1996; x_wconf 88' lang='lat' dir='ltr'>et</span> <span class='ocrx_word' id='word_1_126' title='bbox 1003 1950 1113 1995; x_wconf 85' lang='lat' dir='ltr'>tam</span> <span class='ocrx_word' id='word_1_127' title='bbox 1129 1956 1287 2016; x_wconf 86' lang='lat' dir='ltr'>parce</span> <span class='ocrx_word' id='word_1_128' title='bbox 1299 1955 1429 2013; x_wconf 89' lang='lat' dir='ltr'>pec-</span> 
     </span>
     <span class='ocr_line' id='line_1_23' title="bbox 242 2020 1429 2100; baseline 0.001 -19"><span class='ocrx_word' id='word_1_129' title='bbox 242 2023 436 2081; x_wconf 81' lang='lat' dir='ltr'>cetur?</span> <span class='ocrx_word' id='word_1_130' title='bbox 479 2020 610 2100; x_wconf 89' lang='lat' dir='ltr'>quid</span> <span class='ocrx_word' id='word_1_131' title='bbox 634 2020 915 2082; x_wconf 78' lang='lat' dir='ltr'>invidiofis</span> <span class='ocrx_word' id='word_1_132' title='bbox 950 2038 1007 2081; x_wconf 87' lang='lat' dir='ltr'>et</span> <span class='ocrx_word' id='word_1_133' title='bbox 1034 2020 1429 2082; x_wconf 71' lang='lat' dir='ltr'>excedentibus</span> 
     </span>
     <span class='ocr_line' id='line_1_24' title="bbox 244 2104 1432 2180; baseline 0.001 -15"><span class='ocrx_word' id='word_1_134' title='bbox 244 2104 472 2165; x_wconf 87' lang='lat' dir='ltr'>modum</span> <span class='ocrx_word' id='word_1_135' title='bbox 495 2105 898 2165; x_wconf 84' lang='lat' dir='ltr'>defenfionibus</span> <span class='ocrx_word' id='word_1_136' title='bbox 917 2149 935 2180; x_wconf 92' lang='lat'>,</span> <span class='ocrx_word' id='word_1_137' title='bbox 981 2127 1104 2168; x_wconf 91' lang='lat' dir='ltr'>cum</span> <span class='ocrx_word' id='word_1_138' title='bbox 1139 2107 1432 2166; x_wconf 76' lang='lat' dir='ltr'>clementia</span> 
     </span>
     <span class='ocr_line' id='line_1_25' title="bbox 244 2188 1431 2271; baseline 0 -22"><span class='ocrx_word' id='word_1_139' title='bbox 244 2188 629 2265; x_wconf 80' lang='lat' dir='ltr'>cognoscentis</span> <span class='ocrx_word' id='word_1_140' title='bbox 665 2193 881 2249; x_wconf 83' lang='lat' dir='ltr'>obviam</span> <span class='ocrx_word' id='word_1_141' title='bbox 910 2192 1344 2271; x_wconf 75' lang='lat' dir='ltr'>periclitantibus</span> <span class='ocrx_word' id='word_1_142' title='bbox 1375 2210 1431 2249; x_wconf 88' lang='lat' dir='ltr'>e-</span> 
     </span>
     <span class='ocr_line' id='line_1_26' title="bbox 247 2274 1435 2355; baseline 0.003 -23"><span class='ocrx_word' id='word_1_143' title='bbox 247 2275 371 2333; x_wconf 80' lang='lat' dir='ltr'>rat?</span> <span class='ocrx_word' id='word_1_144' title='bbox 398 2274 597 2332; x_wconf 83' lang='lat' dir='ltr'>credite</span> <span class='ocrx_word' id='word_1_145' title='bbox 611 2277 830 2352; x_wconf 88' lang='lat' dir='ltr'>optimi,</span> <span class='ocrx_word' id='word_1_146' title='bbox 858 2276 985 2334; x_wconf 84' lang='lat' dir='ltr'>etin</span> <span class='ocrx_word' id='word_1_147' title='bbox 1006 2291 1271 2355; x_wconf 83' lang='lat' dir='ltr'>quantum</span> <span class='ocrx_word' id='word_1_148' title='bbox 1288 2296 1435 2355; x_wconf 72' lang='lat' dir='ltr'>opus</span> 
     </span>
     <span class='ocr_line' id='line_1_27' title="bbox 246 2357 1433 2441; baseline 0.003 -22"><span class='ocrx_word' id='word_1_149' title='bbox 246 2357 324 2419; x_wconf 85' lang='lat' dir='ltr'>cst</span> <span class='ocrx_word' id='word_1_150' title='bbox 345 2357 664 2418; x_wconf 85' lang='lat' dir='ltr'>disertissimi</span> <span class='ocrx_word' id='word_1_151' title='bbox 686 2361 812 2433; x_wconf 86' lang='lat' dir='ltr'>viri,</span> <span class='ocrx_word' id='word_1_152' title='bbox 843 2358 882 2420; x_wconf 86' lang='lat' dir='ltr'><strong>fi</strong></span> <span class='ocrx_word' id='word_1_153' title='bbox 905 2376 999 2419; x_wconf 87' lang='lat' dir='ltr'>aut</span> <span class='ocrx_word' id='word_1_154' title='bbox 1029 2381 1132 2420; x_wconf 80' lang='lat' dir='ltr'>vos</span> <span class='ocrx_word' id='word_1_155' title='bbox 1158 2363 1433 2441; x_wconf 73' lang='lat' dir='ltr'>prioribus</span> 
     </span>
    </p>
   </div>
   <div class='ocr_carea' id='block_1_3' title="bbox 248 2443 1429 2527">
    <p class='ocr_par' dir='ltr' id='par_1_3' title="bbox 248 2443 1429 2527">
     <span class='ocr_line' id='line_1_28' title="bbox 248 2443 1429 2527; baseline 0.003 -22"><span class='ocrx_word' id='word_1_156' title='bbox 248 2444 493 2523; x_wconf 78' lang='lat' dir='ltr'>saeculis,</span> <span class='ocrx_word' id='word_1_157' title='bbox 517 2460 611 2506; x_wconf 79' lang='lat' dir='ltr'>aut</span> <span class='ocrx_word' id='word_1_158' title='bbox 637 2443 716 2507; x_wconf 89' lang='lat' dir='ltr'>isti</span> <span class='ocrx_word' id='word_1_159' title='bbox 739 2466 880 2527; x_wconf 79' lang='lat' dir='ltr'>quos</span> <span class='ocrx_word' id='word_1_160' title='bbox 898 2449 1178 2525; x_wconf 82' lang='lat' dir='ltr'>miramur,</span> <span class='ocrx_word' id='word_1_161' title='bbox 1208 2450 1289 2509; x_wconf 82' lang='lat' dir='ltr'>his</span> <span class='ocrx_word' id='word_1_162' title='bbox 1312 2452 1429 2509; x_wconf 85' lang='lat' dir='ltr'>nati</span> 
     </span>
    </p>
   </div>
  </div>
 </body>
</html>
