<?xml version="1.0" encoding="UTF-8"?>
<!DOCTYPE html PUBLIC "-//W3C//DTD XHTML 1.0 Transitional//EN"
    "http://www.w3.org/TR/xhtml1/DTD/xhtml1-transitional.dtd">
<html xmlns="http://www.w3.org/1999/xhtml" xml:lang="en" lang="en">
 <head>
  <title>
</title>
<meta http-equiv="Content-Type" content="text/html;charset=utf-8" />
  <meta name='ocr-system' content='tesseract 3.04.00' />
  <meta name='ocr-capabilities' content='ocr_page ocr_carea ocr_par ocr_line ocrx_word'/>
</head>
<body>
  <div class='ocr_page' id='page_1' title='image "./ccorneliitaciti05grongoog_0225.png"; bbox 0 0 1759 2992; ppageno 0'>
   <div class='ocr_carea' id='block_1_1' title="bbox 403 122 1384 187">
    <p class='ocr_par' dir='ltr' id='par_1_1' title="bbox 403 122 1384 187">
     <span class='ocr_line' id='line_1_1' title="bbox 403 122 1384 187; baseline 0.004 -19"><span class='ocrx_word' id='word_1_1' title='bbox 403 125 625 178; x_wconf 64' lang='lat' dir='ltr'>sunit</span> <span class='ocrx_word' id='word_1_2' title='bbox 658 122 1176 168; x_wconf 51' lang='lat' dir='ltr'>Aoniam-ra.</span> <span class='ocrx_word' id='word_1_3' title='bbox 1275 124 1384 187; x_wconf 75' lang='lat'>191</span> 
     </span>
    </p>
   </div>
   <div class='ocr_carea' id='block_1_2' title="bbox 126 208 1398 2513">
    <p class='ocr_par' dir='ltr' id='par_1_2' title="bbox 126 208 1398 2513">
     <span class='ocr_line' id='line_1_2' title="bbox 210 208 1393 289; baseline 0 -20"><span class='ocrx_word' id='word_1_4' title='bbox 210 212 526 270; x_wconf 79' lang='lat' dir='ltr'>abnuebant</span> <span class='ocrx_word' id='word_1_5' title='bbox 550 250 572 283; x_wconf 84' lang='lat'>,</span> <span class='ocrx_word' id='word_1_6' title='bbox 625 208 998 287; x_wconf 82' lang='lat' dir='ltr'>eloquentiam</span> <span class='ocrx_word' id='word_1_7' title='bbox 1040 209 1393 289; x_wconf 88' lang='lat' dir='ltr'>concupisce·</span> 
     </span>
     <span class='ocr_line' id='line_1_3' title="bbox 209 294 1390 370; baseline -0.002 -14"><span class='ocrx_word' id='word_1_8' title='bbox 209 309 373 368; x_wconf 62' lang='lat' dir='ltr'>rent}</span> <span class='ocrx_word' id='word_1_9' title='bbox 404 294 530 353; x_wconf 88' lang='lat' dir='ltr'>inde</span> <span class='ocrx_word' id='word_1_10' title='bbox 561 296 724 354; x_wconf 83' lang='lat' dir='ltr'>etiam</span> <span class='ocrx_word' id='word_1_11' title='bbox 749 296 964 354; x_wconf 73' lang='lat' dir='ltr'>habitus</span> <span class='ocrx_word' id='word_1_12' title='bbox 995 294 1163 354; x_wconf 83' lang='lat' dir='ltr'>nostri</span> <span class='ocrx_word' id='word_1_13' title='bbox 1187 298 1390 370; x_wconf 88' lang='lat' dir='ltr'>honor,</span> 
     </span>
     <span class='ocr_line' id='line_1_4' title="bbox 207 379 1393 459; baseline 0 -18"><span class='ocrx_word' id='word_1_14' title='bbox 207 399 261 441; x_wconf 88' lang='lat' dir='ltr'>et</span> <span class='ocrx_word' id='word_1_15' title='bbox 277 380 535 459; x_wconf 86' lang='lat' dir='ltr'>frequens</span> <span class='ocrx_word' id='word_1_16' title='bbox 554 395 682 458; x_wconf 87' lang='lat' dir='ltr'>toga</span> <span class='ocrx_word' id='word_1_17' title='bbox 695 403 715 453; x_wconf 85' lang='lat'>;</span> <span class='ocrx_word' id='word_1_18' title='bbox 730 380 1097 459; x_wconf 81' lang='lat' dir='ltr'>paulatimque</span> <span class='ocrx_word' id='word_1_19' title='bbox 1111 379 1393 441; x_wconf 69' lang='lat' dir='ltr'>discessum</span> 
     </span>
     <span class='ocr_line' id='line_1_5' title="bbox 207 466 1395 546; baseline -0.001 -19"><span class='ocrx_word' id='word_1_20' title='bbox 207 468 276 527; x_wconf 84' lang='lat' dir='ltr'>ad</span> <span class='ocrx_word' id='word_1_21' title='bbox 313 466 661 526; x_wconf 84' lang='lat' dir='ltr'>delinimenta</span> <span class='ocrx_word' id='word_1_22' title='bbox 694 467 958 527; x_wconf 86' lang='lat' dir='ltr'>vitiorum</span> <span class='ocrx_word' id='word_1_23' title='bbox 977 508 1000 541; x_wconf 93' lang='lat'><strong><em>,</em></strong></span> <span class='ocrx_word' id='word_1_24' title='bbox 1026 468 1273 546; x_wconf 81' lang='lat' dir='ltr'>porticus</span> <span class='ocrx_word' id='word_1_25' title='bbox 1292 509 1312 542; x_wconf 85' lang='lat'><strong>,</strong></span> <span class='ocrx_word' id='word_1_26' title='bbox 1334 481 1395 526; x_wconf 84' lang='lat' dir='ltr'>et</span> 
     </span>
     <span class='ocr_line' id='line_1_6' title="bbox 209 552 1395 629; baseline -0.002 -15"><span class='ocrx_word' id='word_1_27' title='bbox 209 552 424 626; x_wconf 79' lang='lat' dir='ltr'>balnea,</span> <span class='ocrx_word' id='word_1_28' title='bbox 447 568 501 611; x_wconf 88' lang='lat' dir='ltr'>et</span> <span class='ocrx_word' id='word_1_29' title='bbox 517 553 903 611; x_wconf 85' lang='lat' dir='ltr'>conviviorum</span> <span class='ocrx_word' id='word_1_30' title='bbox 920 553 1243 629; x_wconf 82' lang='lat' dir='ltr'>elegantiam</span> <span class='ocrx_word' id='word_1_31' title='bbox 1261 575 1280 626; x_wconf 87' lang='lat'>;</span> <span class='ocrx_word' id='word_1_32' title='bbox 1310 552 1395 612; x_wconf 89' lang='lat' dir='ltr'>id·</span> 
     </span>
     <span class='ocr_line' id='line_1_7' title="bbox 208 636 1394 719; baseline 0 -21"><span class='ocrx_word' id='word_1_33' title='bbox 208 659 320 719; x_wconf 87' lang='lat' dir='ltr'>que</span> <span class='ocrx_word' id='word_1_34' title='bbox 340 636 483 717; x_wconf 79' lang='lat' dir='ltr'>apud</span> <span class='ocrx_word' id='word_1_35' title='bbox 505 640 786 717; x_wconf 76' lang='lat' dir='ltr'>imperitos</span> <span class='ocrx_word' id='word_1_36' title='bbox 820 641 1129 702; x_wconf 74' lang='lat' dir='ltr'>humanitas</span> <span class='ocrx_word' id='word_1_37' title='bbox 1159 641 1394 698; x_wconf 80' lang='lat' dir='ltr'>vocaba-</span> 
     </span>
     <span class='ocr_line' id='line_1_8' title="bbox 126 722 1393 803; baseline 0 -19"><span class='ocrx_word' id='word_1_38' title='bbox 126 749 161 794; x_wconf 83' lang='lat'><em>2</em></span> <span class='ocrx_word' id='word_1_39' title='bbox 171 749 204 793; x_wconf 90' lang='lat'><em>2</em></span> <span class='ocrx_word' id='word_1_40' title='bbox 217 740 326 795; x_wconf 87' lang='lat' dir='ltr'>tur,</span> <span class='ocrx_word' id='word_1_41' title='bbox 350 745 474 784; x_wconf 88' lang='lat' dir='ltr'>cum</span> <span class='ocrx_word' id='word_1_42' title='bbox 492 741 613 803; x_wconf 81' lang='lat' dir='ltr'>pars</span> <span class='ocrx_word' id='word_1_43' title='bbox 630 724 907 785; x_wconf 79' lang='lat' dir='ltr'>servitutis</span> <span class='ocrx_word' id='word_1_44' title='bbox 923 722 1071 783; x_wconf 66' lang='lat' dir='ltr'>ess&#39;et.</span> <span class='ocrx_word' id='word_1_45' title='bbox 1160 727 1393 785; x_wconf 72' lang='lat' dir='ltr'>Tertius</span> 
     </span>
     <span class='ocr_line' id='line_1_9' title="bbox 205 810 1391 891; baseline -0.002 -22"><span class='ocrx_word' id='word_1_46' title='bbox 205 810 621 891; x_wconf 83' lang='lat' dir='ltr'>expeditionum</span> <span class='ocrx_word' id='word_1_47' title='bbox 646 831 829 869; x_wconf 76' lang='lat' dir='ltr'>annus</span> <span class='ocrx_word' id='word_1_48' title='bbox 854 829 1030 868; x_wconf 80' lang='lat' dir='ltr'>novas</span> <span class='ocrx_word' id='word_1_49' title='bbox 1058 824 1248 886; x_wconf 72' lang='lat' dir='ltr'>gentes</span> <span class='ocrx_word' id='word_1_50' title='bbox 1269 830 1391 887; x_wconf 83' lang='lat' dir='ltr'>ape·</span> 
     </span>
     <span class='ocr_line' id='line_1_10' title="bbox 205 892 1394 973; baseline 0 -18"><span class='ocrx_word' id='word_1_51' title='bbox 205 899 342 967; x_wconf 75' lang='lat' dir='ltr'>ruit,</span> <span class='ocrx_word' id='word_1_52' title='bbox 363 895 584 954; x_wconf 73' lang='lat' dir='ltr'>va‘statit</span> <span class='ocrx_word' id='word_1_53' title='bbox 611 894 779 973; x_wconf 88' lang='lat' dir='ltr'>usque</span> <span class='ocrx_word' id='word_1_54' title='bbox 803 895 871 953; x_wconf 86' lang='lat' dir='ltr'>ad</span> <span class='ocrx_word' id='word_1_55' title='bbox 897 899 1081 952; x_wconf 80' lang='lat' dir='ltr'>Taum</span> <span class='ocrx_word' id='word_1_56' title='bbox 1104 892 1394 963; x_wconf 83' lang='lat' dir='ltr'>(aestuario</span> 
     </span>
     <span class='ocr_line' id='line_1_11' title="bbox 207 976 1396 1056; baseline -0.001 -16"><span class='ocrx_word' id='word_1_57' title='bbox 207 1000 414 1040; x_wconf 87' lang='lat' dir='ltr'>nomen</span> <span class='ocrx_word' id='word_1_58' title='bbox 438 978 557 1053; x_wconf 85' lang='lat' dir='ltr'>est)</span> <span class='ocrx_word' id='word_1_59' title='bbox 580 981 898 1037; x_wconf 81' lang='lat' dir='ltr'>nationibus</span> <span class='ocrx_word' id='word_1_60' title='bbox 924 1002 943 1049; x_wconf 68' lang='grc' dir='ltr'><strong><em>ς</em></strong></span> <span class='ocrx_word' id='word_1_61' title='bbox 970 998 1077 1056; x_wconf 86' lang='lat' dir='ltr'>qua</span> <span class='ocrx_word' id='word_1_62' title='bbox 1096 976 1396 1039; x_wconf 85' lang='lat' dir='ltr'>formidine</span> 
     </span>
     <span class='ocr_line' id='line_1_12' title="bbox 208 1063 1393 1143; baseline 0 -18"><span class='ocrx_word' id='word_1_63' title='bbox 208 1067 389 1125; x_wconf 88' lang='lat' dir='ltr'>territi</span> <span class='ocrx_word' id='word_1_64' title='bbox 422 1063 597 1123; x_wconf 77' lang='lat' dir='ltr'>hostes</span> <span class='ocrx_word' id='word_1_65' title='bbox 624 1109 642 1136; x_wconf 90' lang='lat'>‚</span> <span class='ocrx_word' id='word_1_66' title='bbox 664 1084 995 1143; x_wconf 85' lang='lat' dir='ltr'>quamquam</span> <span class='ocrx_word' id='word_1_67' title='bbox 1025 1065 1393 1125; x_wconf 61' lang='lat' dir='ltr'>conflictatum</span> 
     </span>
     <span class='ocr_line' id='line_1_13' title="bbox 206 1150 1395 1230; baseline -0.001 -19"><span class='ocrx_word' id='word_1_68' title='bbox 206 1152 379 1212; x_wconf 76' lang='lat' dir='ltr'>saevis</span> <span class='ocrx_word' id='word_1_69' title='bbox 399 1150 798 1230; x_wconf 79' lang='lat' dir='ltr'>tempestatibus</span> <span class='ocrx_word' id='word_1_70' title='bbox 811 1152 1134 1222; x_wconf 84' lang='lat' dir='ltr'>exercitum,</span> <span class='ocrx_word' id='word_1_71' title='bbox 1150 1150 1395 1210; x_wconf 71' lang='lat' dir='ltr'>lacessere</span> 
     </span>
     <span class='ocr_line' id='line_1_14' title="bbox 206 1234 1394 1316; baseline -0.002 -18"><span class='ocrx_word' id='word_1_72' title='bbox 206 1258 325 1298; x_wconf 88' lang='lat' dir='ltr'>non</span> <span class='ocrx_word' id='word_1_73' title='bbox 350 1235 493 1306; x_wconf 77' lang='lat' dir='ltr'>aufi3</span> <span class='ocrx_word' id='word_1_74' title='bbox 524 1235 902 1315; x_wconf 85' lang='lat' dir='ltr'>ponendisque</span> <span class='ocrx_word' id='word_1_75' title='bbox 927 1234 1144 1316; x_wconf 86' lang='lat' dir='ltr'>insuper</span> <span class='ocrx_word' id='word_1_76' title='bbox 1168 1234 1394 1296; x_wconf 76' lang='lat' dir='ltr'>castellis</span> 
     </span>
     <span class='ocr_line' id='line_1_15' title="bbox 205 1321 1393 1401; baseline -0.002 -18"><span class='ocrx_word' id='word_1_77' title='bbox 205 1322 436 1401; x_wconf 82' lang='lat' dir='ltr'>spatium</span> <span class='ocrx_word' id='word_1_78' title='bbox 461 1321 583 1382; x_wconf 82' lang='lat' dir='ltr'>fuit.</span> <span class='ocrx_word' id='word_1_79' title='bbox 629 1322 970 1386; x_wconf 74' lang='lat' dir='ltr'>adnotabant</span> <span class='ocrx_word' id='word_1_80' title='bbox 990 1324 1169 1401; x_wconf 87' lang='lat' dir='ltr'>periti,</span> <span class='ocrx_word' id='word_1_81' title='bbox 1200 1342 1313 1382; x_wconf 88' lang='lat' dir='ltr'>non</span> <span class='ocrx_word' id='word_1_82' title='bbox 1339 1344 1393 1381; x_wconf 84' lang='lat' dir='ltr'>a·</span> 
     </span>
     <span class='ocr_line' id='line_1_16' title="bbox 205 1407 1395 1485; baseline 0 -19"><span class='ocrx_word' id='word_1_83' title='bbox 205 1408 342 1466; x_wconf 84' lang='lat' dir='ltr'>lium</span> <span class='ocrx_word' id='word_1_84' title='bbox 365 1407 557 1466; x_wconf 88' lang='lat' dir='ltr'>ducem</span> <span class='ocrx_word' id='word_1_85' title='bbox 573 1409 1024 1485; x_wconf 76' lang='lat' dir='ltr'>opportunitates</span> <span class='ocrx_word' id='word_1_86' title='bbox 1049 1407 1296 1467; x_wconf 87' lang='lat' dir='ltr'>locorum</span> <span class='ocrx_word' id='word_1_87' title='bbox 1315 1407 1395 1468; x_wconf 81' lang='lat' dir='ltr'>sa-</span> 
     </span>
     <span class='ocr_line' id='line_1_17' title="bbox 205 1491 1395 1571; baseline -0.001 -21"><span class='ocrx_word' id='word_1_88' title='bbox 205 1493 446 1571; x_wconf 77' lang='lat' dir='ltr'>pientius</span> <span class='ocrx_word' id='word_1_89' title='bbox 472 1491 670 1567; x_wconf 64' lang='lat' dir='ltr'>legiffi,</span> <span class='ocrx_word' id='word_1_90' title='bbox 695 1492 911 1550; x_wconf 83' lang='lat' dir='ltr'>nullum</span> <span class='ocrx_word' id='word_1_91' title='bbox 932 1493 1002 1550; x_wconf 82' lang='lat' dir='ltr'>ab</span> <span class='ocrx_word' id='word_1_92' title='bbox 1020 1492 1276 1568; x_wconf 81' lang='lat' dir='ltr'>Agricola</span> <span class='ocrx_word' id='word_1_93' title='bbox 1293 1513 1395 1570; x_wconf 90' lang='lat' dir='ltr'>po·</span> 
     </span>
     <span class='ocr_line' id='line_1_18' title="bbox 204 1575 1395 1654; baseline -0.001 -17"><span class='ocrx_word' id='word_1_94' title='bbox 204 1575 362 1637; x_wconf 82' lang='lat' dir='ltr'>fitum</span> <span class='ocrx_word' id='word_1_95' title='bbox 382 1575 651 1648; x_wconf 74' lang='lat' dir='ltr'>castellum</span> <span class='ocrx_word' id='word_1_96' title='bbox 670 1592 764 1634; x_wconf 79' lang='lat' dir='ltr'>aut</span> <span class='ocrx_word' id='word_1_97' title='bbox 786 1579 840 1636; x_wconf 84' lang='lat' dir='ltr'>vi</span> <span class='ocrx_word' id='word_1_98' title='bbox 866 1575 1100 1636; x_wconf 83' lang='lat' dir='ltr'>hostium</span> <span class='ocrx_word' id='word_1_99' title='bbox 1116 1595 1395 1654; x_wconf 79' lang='lat' dir='ltr'>expugna·</span> 
     </span>
     <span class='ocr_line' id='line_1_19' title="bbox 206 1660 1391 1741; baseline 0.001 -20"><span class='ocrx_word' id='word_1_100' title='bbox 206 1677 324 1722; x_wconf 87' lang='lat' dir='ltr'>tum</span> <span class='ocrx_word' id='word_1_101' title='bbox 344 1705 364 1737; x_wconf 85' lang='lat'>,</span> <span class='ocrx_word' id='word_1_102' title='bbox 407 1676 499 1721; x_wconf 87' lang='lat' dir='ltr'>aut</span> <span class='ocrx_word' id='word_1_103' title='bbox 538 1664 787 1741; x_wconf 68' lang='lat' dir='ltr'>pactione</span> <span class='ocrx_word' id='word_1_104' title='bbox 825 1681 890 1721; x_wconf 81' lang='lat' dir='ltr'>ac</span> <span class='ocrx_word' id='word_1_105' title='bbox 926 1661 1053 1739; x_wconf 79' lang='lat' dir='ltr'>fuga</span> <span class='ocrx_word' id='word_1_106' title='bbox 1092 1660 1351 1722; x_wconf 89' lang='lat' dir='ltr'>desertum</span> <span class='ocrx_word' id='word_1_107' title='bbox 1371 1685 1391 1737; x_wconf 62' lang='grc' dir='ltr'><strong>ς</strong></span> 
     </span>
     <span class='ocr_line' id='line_1_20' title="bbox 205 1744 1395 1826; baseline 0 -18"><span class='ocrx_word' id='word_1_108' title='bbox 205 1751 428 1809; x_wconf 83' lang='lat' dir='ltr'>crebrae</span> <span class='ocrx_word' id='word_1_109' title='bbox 450 1751 802 1826; x_wconf 73' lang='lat' dir='ltr'>eruptiones3</span> <span class='ocrx_word' id='word_1_110' title='bbox 844 1768 973 1806; x_wconf 79' lang='lat' dir='ltr'>nam</span> <span class='ocrx_word' id='word_1_111' title='bbox 997 1744 1253 1806; x_wconf 78' lang='lat' dir='ltr'>adversus</span> <span class='ocrx_word' id='word_1_112' title='bbox 1274 1769 1395 1809; x_wconf 86' lang='lat' dir='ltr'>rno-</span> 
     </span>
     <span class='ocr_line' id='line_1_21' title="bbox 205 1831 1395 1910; baseline 0.002 -17"><span class='ocrx_word' id='word_1_113' title='bbox 205 1854 293 1893; x_wconf 73' lang='lat' dir='ltr'>ras</span> <span class='ocrx_word' id='word_1_114' title='bbox 321 1834 618 1894; x_wconf 82' lang='lat' dir='ltr'>obfidionis</span> <span class='ocrx_word' id='word_1_115' title='bbox 635 1876 656 1907; x_wconf 88' lang='lat'><strong><em>,</em></strong></span> <span class='ocrx_word' id='word_1_116' title='bbox 682 1835 884 1892; x_wconf 82' lang='lat' dir='ltr'>annuis</span> <span class='ocrx_word' id='word_1_117' title='bbox 915 1833 1088 1910; x_wconf 80' lang='lat' dir='ltr'>copiis</span> <span class='ocrx_word' id='word_1_118' title='bbox 1110 1831 1395 1895; x_wconf 86' lang='lat' dir='ltr'>firmaban-</span> 
     </span>
     <span class='ocr_line' id='line_1_22' title="bbox 205 1917 1395 2000; baseline 0 -21"><span class='ocrx_word' id='word_1_119' title='bbox 205 1935 299 1979; x_wconf 86' lang='lat' dir='ltr'>tur</span> <span class='ocrx_word' id='word_1_120' title='bbox 313 1942 333 1993; x_wconf 83' lang='lat'>;</span> <span class='ocrx_word' id='word_1_121' title='bbox 363 1919 439 1978; x_wconf 85' lang='lat' dir='ltr'>ita</span> <span class='ocrx_word' id='word_1_122' title='bbox 457 1919 730 2000; x_wconf 81' lang='lat' dir='ltr'>intrepida</span> <span class='ocrx_word' id='word_1_123' title='bbox 751 1917 823 1979; x_wconf 84' lang='lat' dir='ltr'>ibi</span> <span class='ocrx_word' id='word_1_124' title='bbox 847 1921 1045 1994; x_wconf 64' lang='lat' dir='ltr'>bieme,</span> <span class='ocrx_word' id='word_1_125' title='bbox 1067 1935 1119 1977; x_wconf 88' lang='lat' dir='ltr'>et</span> <span class='ocrx_word' id='word_1_126' title='bbox 1137 1917 1230 1978; x_wconf 86' lang='lat' dir='ltr'>fibi</span> <span class='ocrx_word' id='word_1_127' title='bbox 1250 1920 1395 1999; x_wconf 85' lang='lat' dir='ltr'>quis-</span> 
     </span>
     <span class='ocr_line' id='line_1_23' title="bbox 204 2004 1397 2084; baseline 0 -20"><span class='ocrx_word' id='word_1_128' title='bbox 204 2024 313 2082; x_wconf 85' lang='lat' dir='ltr'>que</span> <span class='ocrx_word' id='word_1_129' title='bbox 328 2004 615 2084; x_wconf 80' lang='lat' dir='ltr'>praefidio,</span> <span class='ocrx_word' id='word_1_130' title='bbox 640 2007 808 2064; x_wconf 81' lang='lat' dir='ltr'>irritis</span> <span class='ocrx_word' id='word_1_131' title='bbox 824 2006 1091 2077; x_wconf 73' lang='lat' dir='ltr'>hostibus,</span> <span class='ocrx_word' id='word_1_132' title='bbox 1114 2026 1289 2084; x_wconf 89' lang='lat' dir='ltr'>eoque</span> <span class='ocrx_word' id='word_1_133' title='bbox 1303 2007 1397 2065; x_wconf 83' lang='lat' dir='ltr'>de-</span> 
     </span>
     <span class='ocr_line' id='line_1_24' title="bbox 204 2084 1396 2169; baseline 0.002 -22"><span class='ocrx_word' id='word_1_134' title='bbox 204 2084 561 2167; x_wconf 82' lang='lat' dir='ltr'>sperantibus,</span> <span class='ocrx_word' id='word_1_135' title='bbox 591 2092 723 2169; x_wconf 87' lang='lat' dir='ltr'>quia</span> <span class='ocrx_word' id='word_1_136' title='bbox 741 2088 882 2149; x_wconf 83' lang='lat' dir='ltr'>soliti</span> <span class='ocrx_word' id='word_1_137' title='bbox 903 2090 1223 2168; x_wconf 86' lang='lat' dir='ltr'>plerumque</span> <span class='ocrx_word' id='word_1_138' title='bbox 1239 2090 1396 2149; x_wconf 86' lang='lat' dir='ltr'>dam-</span> 
     </span>
     <span class='ocr_line' id='line_1_25' title="bbox 200 2172 1396 2250; baseline 0.001 -19"><span class='ocrx_word' id='word_1_139' title='bbox 200 2192 279 2232; x_wconf 79' lang='lat' dir='ltr'>na</span> <span class='ocrx_word' id='word_1_140' title='bbox 314 2172 523 2231; x_wconf 77' lang='lat' dir='ltr'>aestatis</span> <span class='ocrx_word' id='word_1_141' title='bbox 556 2176 802 2232; x_wconf 77' lang='lat' dir='ltr'>hibernis</span> <span class='ocrx_word' id='word_1_142' title='bbox 826 2175 1118 2232; x_wconf 80' lang='lat' dir='ltr'>eventibus</span> <span class='ocrx_word' id='word_1_143' title='bbox 1143 2172 1396 2250; x_wconf 85' lang='lat' dir='ltr'>pensare,</span> 
     </span>
     <span class='ocr_line' id='line_1_26' title="bbox 203 2255 1397 2336; baseline 0.001 -19"><span class='ocrx_word' id='word_1_144' title='bbox 203 2273 324 2317; x_wconf 87' lang='lat' dir='ltr'>tum</span> <span class='ocrx_word' id='word_1_145' title='bbox 344 2255 534 2317; x_wconf 83' lang='lat' dir='ltr'>aestate</span> <span class='ocrx_word' id='word_1_146' title='bbox 556 2271 721 2336; x_wconf 84' lang='lat' dir='ltr'>atque</span> <span class='ocrx_word' id='word_1_147' title='bbox 736 2259 912 2316; x_wconf 87' lang='lat' dir='ltr'>hieme</span> <span class='ocrx_word' id='word_1_148' title='bbox 930 2259 1094 2334; x_wconf 83' lang='lat' dir='ltr'>juxta</span> <span class='ocrx_word' id='word_1_149' title='bbox 1120 2256 1397 2335; x_wconf 79' lang='lat' dir='ltr'>pelleban-</span> 
     </span>
     <span class='ocr_line' id='line_1_27' title="bbox 205 2342 1398 2422; baseline 0.003 -20"><span class='ocrx_word' id='word_1_150' title='bbox 205 2357 313 2403; x_wconf 85' lang='lat' dir='ltr'>tur.</span> <span class='ocrx_word' id='word_1_151' title='bbox 360 2363 461 2402; x_wconf 89' lang='lat' dir='ltr'>nec</span> <span class='ocrx_word' id='word_1_152' title='bbox 474 2343 728 2419; x_wconf 85' lang='lat' dir='ltr'>Agricola</span> <span class='ocrx_word' id='word_1_153' title='bbox 744 2361 999 2422; x_wconf 87' lang='lat' dir='ltr'>umquam</span> <span class='ocrx_word' id='word_1_154' title='bbox 1019 2362 1115 2420; x_wconf 85' lang='lat' dir='ltr'>per</span> <span class='ocrx_word' id='word_1_155' title='bbox 1131 2342 1269 2401; x_wconf 78' lang='lat' dir='ltr'>alios</span> <span class='ocrx_word' id='word_1_156' title='bbox 1285 2345 1398 2422; x_wconf 71' lang='lat' dir='ltr'>geit-</span> 
     </span>
     <span class='ocr_line' id='line_1_28' title="bbox 204 2426 1395 2513; baseline 0.003 -24"><span class='ocrx_word' id='word_1_157' title='bbox 204 2445 263 2489; x_wconf 76' lang='lat' dir='ltr'>ta</span> <span class='ocrx_word' id='word_1_158' title='bbox 286 2428 484 2492; x_wconf 57' lang='lat' dir='ltr'>avidus</span> <span class='ocrx_word' id='word_1_159' title='bbox 523 2429 848 2513; x_wconf 74' lang='lat' dir='ltr'>intercepit,</span> <span class='ocrx_word' id='word_1_160' title='bbox 891 2426 980 2491; x_wconf 81' lang='lat' dir='ltr'>seu</span> <span class='ocrx_word' id='word_1_161' title='bbox 1003 2429 1288 2508; x_wconf 79' lang='lat' dir='ltr'>centurio,</span> <span class='ocrx_word' id='word_1_162' title='bbox 1307 2430 1395 2496; x_wconf 78' lang='lat' dir='ltr'>seu</span> 
     </span>
    </p>
   </div>
  </div>
 </body>
</html>
