1759 2992
448 184 548 227 nt
586 180 930 228 moninus
962 182 1225 245 onam„
1316 183 1435 247 157

253 273 509 326 oceanus
535 266 593 322 in
621 261 674 323 se
695 260 854 324 fimul
869 278 1035 343 atque
1053 264 1120 323 in
1139 263 1437 325 Hetculetn

249 352 487 429 inquiri.
531 368 672 409 mox
691 369 857 410 nemo
875 351 1145 410 tentavit=
1180 345 1435 410 sanffluss
1526 392 1530 399 ·

250 457 363 515 que
373 457 437 494 ac
451 439 782 496 reverentius
791 432 1058 505 visum‚de
1068 437 1200 495 aitis
1211 434 1439 495 deorum

251 521 495 598 credere,
525 542 689 601 quam
718 520 867 583 stite.
914 525 1175 582 hactenus
1197 521 1256 580 in
1283 524 1442 583 Occi-

167 617 202 677 3
213 618 244 675 5
259 607 479 668 dentem
497 613 843 668 Germaniam
860 609 1145 669 novimus·
1225 614 1293 668 In
1309 613 1436 688 Sep·

251 699 597 754 temtrionem
627 698 845 773 ingenti
864 696 1009 754 flexu
1033 693 1193 754 redit.
1239 714 1300 754 ac
1322 694 1434 773 pri·

247 800 344 840 mo
363 781 538 843 statim
556 785 902 841 Chaucorum
918 799 1080 857 gens,
1101 799 1436 858 quamquam

248 868 478 944 incipiat
492 866 734 937 aFrifiis,
757 887 823 927 ac
844 880 1055 944 partem
1077 867 1258 922 litoris
1271 884 1437 923 occu-

251 966 366 1029 pet,
396 951 647 1009 omnium
672 970 810 1027 quat
832 947 1057 1026 exposui
1079 950 1326 1025 gentium
1357 949 1438 1007 la-

251 1036 459 1095 teribus
481 1034 818 1109 obtenditur,
842 1034 1024 1092 donec
1045 1036 1105 1092 in
1132 1038 1334 1092 Cattos
1352 1034 1435 1094 us-

249 1142 360 1200 que
380 1120 651 1195 finuetur3
680 1136 795 1182 tam
825 1116 1146 1182 immensum
1173 1135 1436 1181 tertarum

246 1206 478 1287 spatium
495 1228 615 1268 non
638 1224 831 1270 tenent
854 1222 1067 1267 tantum
1093 1207 1319 1281 Chauci,
1345 1206 1435 1269 sed

245 1310 303 1354 et
318 1294 546 1374 implent
561 1298 834 1374 :populus
848 1297 993 1355 inter
1005 1301 1431 1355 Germano-mno-

245 1381 525 1440 biliffimus
544 1424 572 1454 ,.
590 1385 798 1462 quique
828 1380 1261 1458 magnitudinem
1284 1378 1433 1442 suam
1520 1381 1526 1387 ’

248 1464 628 1541 malitjustitia
651 1469 788 1526 tueri
809 1494 830 1539 ς
853 1465 965 1525 fine
979 1466 1296 1544 cupiditate,
1321 1463 1434 1525 fine
1471 1462 1475 1466 ’

248 1552 600 1630 impotentia,
615 1552 787 1629 quieti
801 1550 1123 1628 secretique,
1137 1550 1288 1608 nulla
1304 1571 1434 1630 pro·

250 1651 457 1696 vocant
478 1635 641 1711 bella,
664 1638 829 1696 nullis
850 1638 1093 1716 raptibus
1110 1650 1203 1695 aut
1214 1634 1435 1709 latrocig-

247 1725 363 1783 niis
375 1723 727 1803 populantur.
772 1723 938 1802 idque
952 1724 1305 1803 praecipuum
1322 1724 1436 1781 vir-

246 1811 381 1869 tutis
417 1830 480 1870 ac
513 1812 713 1869 virium
736 1825 1126 1888 argumentum
1150 1807 1245 1881 est,
1278 1807 1433 1889 quod

246 1912 309 1954 ut
325 1895 625 1976 superiores
642 1912 826 1975 agant,
852 1916 974 1956 non
989 1917 1084 1977 per
1104 1897 1341 1973 injurias.
1354 1893 1430 1954 as·

244 1980 546 2061 sequuntur
557 2028 570 2041 .
595 1998 848 2063 prompta
864 1998 1056 2042 tamen·
1068 1982 1326 2042 omnibus
1342 2001 1432 2040 ar·

244 2087 354 2140 ma,
372 2089 434 2128 ac
450 2068 488 2127 fi
502 2089 588 2128 res
605 2067 789 2147 poscat
805 2071 1104 2128 exercitus:
1136 2067 1433 2145 plurimum

246 2154 498 2212 virorum
519 2173 897 2231 equorumque
914 2174 936 2210 τ
960 2167 1015 2211 et
1034 2150 1432 2230 quiescentibus

170 2258 203 2320 3
214 2242 247 2303 6
259 2235 441 2295 eadem
457 2236 616 2295 fama.
688 2245 761 2297 In
772 2237 938 2296 latere
951 2241 1292 2296 Chaucorum
1308 2242 1436 2295 Cat-

249 2339 562 2400 torumque,
589 2321 840 2381 Cherusci
861 2325 1085 2382 nimiam
1110 2345 1172 2383 ac
1191 2343 1430 2396 marceng·

247 2426 357 2469 tem
380 2407 471 2467 diu
496 2429 684 2488 pacem
707 2408 958 2469 illnceffiti
991 2412 1320 2482 nutrierint;
1346 2408 1430 2469 id.-

248 2515 354 2583 que
363 2494 658 2575 jocundius
675 2515 841 2579 quam
859 2498 1030 2560 tutius
1042 2496 1176 2559 fuit·
1203 2500 1331 2581 quia
1346 2500 1431 2558 in.-
