1759 2992
629 164 669 209 D
690 169 712 208 1
729 162 768 208 Α
783 166 818 208 1.
834 164 873 207 Ο
894 162 932 206 G
954 162 994 206 U
1011 162 1064 205 ³.
1331 163 1365 209 2
1374 164 1410 223 5
1414 163 1446 224 3

272 253 441 329 nique
459 247 709 327 litigator
740 249 1065 329 perpetitur,
1098 243 1236 306 adeo
1263 246 1452 307 moesti

217 381 222 386 .
270 353 328 396 et
343 336 561 411 inculti,
583 335 728 393 illam
758 336 928 414 ipsam
951 352 1115 410 quam
1140 334 1352 410 jaftant
1374 332 1454 393 sa-

273 424 538 496 nitatem,
576 419 889 481 infirmitate
923 435 980 477 et
1003 418 1226 497 jejunio
1259 416 1453 479 conse-

272 523 539 587 quuntur.
583 526 752 587 porro
781 526 850 566 ne
876 508 938 565 in
967 523 1200 586 corpore
1226 502 1450 583 quidem

269 592 639 653 valetudinem
661 593 854 653 medici
879 592 1139 672 probant,
1168 609 1312 670 quae
1329 593 1450 650 ani·

267 682 346 739 mi
369 681 642 739 anxietate
670 681 988 755 contingat3
1028 695 1221 755 parum
1256 673 1330 736 est
1360 697 1451 735 ae·-

269 786 423 843 grum
443 786 563 825 non
585 763 709 838 effe,
729 764 931 823 fortem
954 776 1011 819 et
1031 760 1231 820 laetum
1254 776 1310 820 et
1340 762 1453 820 ala·

270 871 415 909 crem
432 851 597 920 v0103
630 868 803 929 prope
819 846 964 907 abest
982 850 1050 905 ab
1064 844 1378 905 infirmitate
1393 850 1451 905 in

272 955 387 1013 quo
404 933 518 993 sola
545 932 746 991 sanitas
763 931 1029 990 laudatur.
1078 950 1183 989 vos
1211 950 1345 989 vero
1368 933 1453 990 di-

274 1017 554 1091 sertissimi‚
584 1035 647 1076 ut
660 1017 905 1095 potestis,
927 1033 989 1074 ut
1008 1015 1208 1088 facitis,
1229 1014 1461 1075 illustra*-

200 1103 203 1108 ⁴
274 1119 330 1164 te
345 1104 607 1164 saeculum
625 1101 866 1162 nostrum
881 1103 1243 1182 pulcherrimo
1256 1121 1455 1178 genere

270 1190 510 1252 dicendi.
554 1211 684 1251 nam
706 1204 762 1248 et
793 1206 847 1248 te
874 1187 1129 1262 Messalla,
1160 1188 1321 1248 video
1346 1187 1453 1248 lae-

271 1277 456 1337 tissima
479 1296 725 1357 quaeque
747 1278 1098 1355 antiquorum
1122 1275 1448 1336 imitantem.

272 1380 327 1422 et
349 1382 453 1422 vos
474 1371 721 1423 Materne
735 1382 795 1421 ae
810 1358 1070 1433 Secunde,
1093 1363 1170 1418 ita
1183 1362 1454 1437 gravitate

274 1445 539 1506 summum
579 1451 814 1506 nitorem
848 1462 904 1503 et
927 1446 1136 1504 cultum
1156 1448 1452 1505 verborum

273 1529 506 1591 miscetis
523 1553 548 1604 3
568 1530 836 1600 eaveleetio
853 1531 1223 1603 inventionis,
1250 1532 1298 1588 is
1312 1530 1455 1591 ordo

274 1636 474 1692 rerum,
500 1631 558 1675 et
586 1618 847 1695 quotiens
865 1613 1038 1674 cauffa
1061 1613 1254 1694 poscit,
1292 1617 1455 1675 uber·

275 1719 391 1778 tas,
418 1724 482 1763 ea
505 1704 767 1785 quotiens
791 1702 1156 1781 permittitur,
1184 1703 1456 1778 brevitas,

273 1791 322 1850 is
361 1788 777 1871 compofitionis
815 1788 983 1849 decor
1000 1830 1016 1855 ,
1065 1785 1454 1849 sententiarum

270 1876 537 1956 planita83
578 1874 649 1938 fic
679 1877 987 1955 exprimitis
1009 1871 1276 1945 affestu8,-
1293 1872 1363 1934 fic
1385 1874 1451 1944 li·

268 1965 532 2023 bertatcm
556 1964 901 2043 temperatis:
934 1977 997 2020 ut
1024 1964 1188 2022 etiam
1210 1958 1250 2019 fi
1273 1958 1456 2021 nostra

258 2049 470 2126 judicia
493 2049 801 2122 malignitas
823 2049 886 2106 ‘et
909 2046 1119 2105 invidia
1140 2044 1453 2114 tardaverit,

269 2152 463 2192 verum
484 2132 552 2191 de
574 2133 736 2191 vobis
766 2131 961 2190 dietari
988 2129 1089 2189 fint
1113 2127 1309 2209 posteri
1326 2128 1454 2188 noss·

191 2237 270 2295 24
283 2220 376 2275 tri.
466 2224 619 2289 Quae
635 2237 758 2277 cum
778 2225 926 2294 Aper
937 2212 1181 2286 dixissen
1205 2212 1455 2289 agnosci-

273 2298 412 2360 tisne
429 2344 449 2376 ‚
471 2303 654 2379 inquit
676 2307 976 2378 Maternus,
1004 2303 1118 2358 vim
1138 2313 1193 2357 et
1208 2297 1454 2362 ardorem

272 2389 410 2466 Apri
439 2384 645 2445 nostri?
677 2407 792 2466 quo
814 2399 1081 2462 torrente,
1107 2405 1221 2466 quo
1243 2386 1455 2466 impetu
1512 2435 1520 2446 ,

273 2472 512 2536 seculum
524 2471 768 2538 nostrum
783 2471 1046 2536 defendit!
1064 2491 1229 2554 quam
1243 2470 1462 2553 copiosi:
