<?xml version="1.0" encoding="UTF-8"?>
<!DOCTYPE html PUBLIC "-//W3C//DTD XHTML 1.0 Transitional//EN"
    "http://www.w3.org/TR/xhtml1/DTD/xhtml1-transitional.dtd">
<html xmlns="http://www.w3.org/1999/xhtml" xml:lang="en" lang="en">
 <head>
  <title>
</title>
<meta http-equiv="Content-Type" content="text/html;charset=utf-8" />
  <meta name='ocr-system' content='tesseract 3.04.00' />
  <meta name='ocr-capabilities' content='ocr_page ocr_carea ocr_par ocr_line ocrx_word'/>
</head>
<body>
  <div class='ocr_page' id='page_1' title='image "./ccorneliitaciti05grongoog_0203.png"; bbox 0 0 1759 2992; ppageno 0'>
   <div class='ocr_carea' id='block_1_1' title="bbox 207 149 1480 2564">
    <p class='ocr_par' dir='ltr' id='par_1_1' title="bbox 207 149 1480 2564">
     <span class='ocr_line' id='line_1_1' title="bbox 388 149 1392 222; baseline -0.006 -9"><span class='ocrx_word' id='word_1_1' title='bbox 388 165 618 222; x_wconf 69' lang='lat' dir='ltr'>‘rum-1</span> <span class='ocrx_word' id='word_1_2' title='bbox 650 171 692 209; x_wconf 59' lang='grc' dir='ltr'>»Α</span> <span class='ocrx_word' id='word_1_3' title='bbox 713 171 751 210; x_wconf 80' lang='lat' dir='ltr'>o</span> <span class='ocrx_word' id='word_1_4' title='bbox 774 168 844 209; x_wconf 71' lang='lat' dir='ltr'>at</span> <span class='ocrx_word' id='word_1_5' title='bbox 867 168 925 208; x_wconf 85' lang='grc' dir='ltr'>ο.</span> <span class='ocrx_word' id='word_1_6' title='bbox 956 169 995 208; x_wconf 88' lang='lat' dir='ltr'>v</span> <span class='ocrx_word' id='word_1_7' title='bbox 1015 170 1033 207; x_wconf 86' lang='lat'>1</span> <span class='ocrx_word' id='word_1_8' title='bbox 1055 167 1091 208; x_wconf 80' lang='grc' dir='ltr'><strong><em>τ</em></strong></span> <span class='ocrx_word' id='word_1_9' title='bbox 1111 149 1184 207; x_wconf 59' lang='grc' dir='ltr'>Αἱ</span> <span class='ocrx_word' id='word_1_10' title='bbox 1273 165 1392 222; x_wconf 78' lang='grc' dir='ltr'>ι77</span> 
     </span>
     <span class='ocr_line' id='line_1_2' title="bbox 210 247 1389 326; baseline -0.005 -13"><span class='ocrx_word' id='word_1_11' title='bbox 210 255 343 314; x_wconf 67' lang='lat' dir='ltr'>tatis</span> <span class='ocrx_word' id='word_1_12' title='bbox 367 251 851 325; x_wconf 79' lang='lat' dir='ltr'>administratione,</span> <span class='ocrx_word' id='word_1_13' title='bbox 878 272 940 309; x_wconf 88' lang='lat' dir='ltr'>ac</span> <span class='ocrx_word' id='word_1_14' title='bbox 962 248 1051 326; x_wconf 84' lang='lat' dir='ltr'>spe</span> <span class='ocrx_word' id='word_1_15' title='bbox 1073 247 1389 309; x_wconf 84' lang='lat' dir='ltr'>consulatus</span> 
     </span>
     <span class='ocr_line' id='line_1_3' title="bbox 209 334 1404 417; baseline -0.007 -16"><span class='ocrx_word' id='word_1_16' title='bbox 209 343 298 401; x_wconf 85' lang='lat' dir='ltr'>cui</span> <span class='ocrx_word' id='word_1_17' title='bbox 319 338 623 398; x_wconf 75' lang='lat' dir='ltr'>destinarat.</span> <span class='ocrx_word' id='word_1_18' title='bbox 670 337 900 397; x_wconf 84' lang='lat' dir='ltr'>credunt</span> <span class='ocrx_word' id='word_1_19' title='bbox 922 337 1166 417; x_wconf 74' lang='lat' dir='ltr'>plerIque</span> <span class='ocrx_word' id='word_1_20' title='bbox 1189 334 1404 394; x_wconf 78' lang='lat' dir='ltr'>milita--</span> 
     </span>
     <span class='ocr_line' id='line_1_4' title="bbox 210 420 1407 501; baseline -0.003 -17"><span class='ocrx_word' id='word_1_21' title='bbox 210 426 364 484; x_wconf 79' lang='lat' dir='ltr'>ribus</span> <span class='ocrx_word' id='word_1_22' title='bbox 395 425 630 501; x_wconf 85' lang='lat' dir='ltr'>ingeniis</span> <span class='ocrx_word' id='word_1_23' title='bbox 655 422 996 481; x_wconf 83' lang='lat' dir='ltr'>subtilitatem</span> <span class='ocrx_word' id='word_1_24' title='bbox 1020 420 1221 494; x_wconf 68' lang='lat' dir='ltr'>deesse,</span> <span class='ocrx_word' id='word_1_25' title='bbox 1257 421 1407 500; x_wconf 60' lang='lat' dir='ltr'>quiae</span> 
     </span>
     <span class='ocr_line' id='line_1_5' title="bbox 210 506 1396 588; baseline -0.005 -18"><span class='ocrx_word' id='word_1_26' title='bbox 210 508 488 570; x_wconf 78' lang='lat' dir='ltr'>castrenfis</span> <span class='ocrx_word' id='word_1_27' title='bbox 510 508 810 588; x_wconf 63' lang='lat' dir='ltr'>jurisdictio</span> <span class='ocrx_word' id='word_1_28' title='bbox 847 508 1029 569; x_wconf 82' lang='lat' dir='ltr'>secura</span> <span class='ocrx_word' id='word_1_29' title='bbox 1051 524 1106 567; x_wconf 87' lang='lat' dir='ltr'>et</span> <span class='ocrx_word' id='word_1_30' title='bbox 1128 506 1396 581; x_wconf 69' lang='lat' dir='ltr'>obtusior,-</span> 
     </span>
     <span class='ocr_line' id='line_1_6' title="bbox 210 592 1400 675; baseline -0.003 -20"><span class='ocrx_word' id='word_1_31' title='bbox 210 616 277 655; x_wconf 86' lang='lat' dir='ltr'>ac</span> <span class='ocrx_word' id='word_1_32' title='bbox 300 596 455 675; x_wconf 84' lang='lat' dir='ltr'>plura</span> <span class='ocrx_word' id='word_1_33' title='bbox 476 616 642 655; x_wconf 85' lang='lat' dir='ltr'>manu</span> <span class='ocrx_word' id='word_1_34' title='bbox 666 615 832 673; x_wconf 85' lang='lat' dir='ltr'>agens</span> <span class='ocrx_word' id='word_1_35' title='bbox 852 638 870 667; x_wconf 91' lang='lat'>‚</span> <span class='ocrx_word' id='word_1_36' title='bbox 908 593 1256 655; x_wconf 79' lang='lat' dir='ltr'>calliditatem</span> <span class='ocrx_word' id='word_1_37' title='bbox 1279 592 1400 652; x_wconf 86' lang='lat' dir='ltr'>fori·</span> 
     </span>
     <span class='ocr_line' id='line_1_7' title="bbox 210 679 1389 760; baseline -0.003 -19"><span class='ocrx_word' id='word_1_38' title='bbox 210 702 327 741; x_wconf 87' lang='lat' dir='ltr'>non</span> <span class='ocrx_word' id='word_1_39' title='bbox 339 697 601 741; x_wconf 84' lang='lat' dir='ltr'>exerceat.</span> <span class='ocrx_word' id='word_1_40' title='bbox 629 681 886 760; x_wconf 80' lang='lat' dir='ltr'>Agricola</span> <span class='ocrx_word' id='word_1_41' title='bbox 903 681 1134 740; x_wconf 83' lang='lat' dir='ltr'>naturali</span> <span class='ocrx_word' id='word_1_42' title='bbox 1150 679 1389 758; x_wconf 88' lang='lat' dir='ltr'>pruden-</span> 
     </span>
     <span class='ocr_line' id='line_1_8' title="bbox 208 764 1388 847; baseline -0.003 -21"><span class='ocrx_word' id='word_1_43' title='bbox 208 770 311 841; x_wconf 84' lang='lat' dir='ltr'>tia,</span> <span class='ocrx_word' id='word_1_44' title='bbox 335 767 586 847; x_wconf 63' lang='lat' dir='ltr'>quam&#39;vis</span> <span class='ocrx_word' id='word_1_45' title='bbox 604 770 749 826; x_wconf 83' lang='lat' dir='ltr'>inter</span> <span class='ocrx_word' id='word_1_46' title='bbox 773 782 1014 843; x_wconf 82' lang='lat' dir='ltr'>togatos,</span> <span class='ocrx_word' id='word_1_47' title='bbox 1038 766 1193 824; x_wconf 87' lang='lat' dir='ltr'>facile</span> <span class='ocrx_word' id='word_1_48' title='bbox 1230 764 1388 836; x_wconf 82' lang='lat' dir='ltr'>juste·</span> 
     </span>
     <span class='ocr_line' id='line_1_9' title="bbox 207 853 1410 932; baseline -0.002 -21"><span class='ocrx_word' id='word_1_49' title='bbox 207 872 319 932; x_wconf 84' lang='lat' dir='ltr'>que</span> <span class='ocrx_word' id='word_1_50' title='bbox 335 856 545 928; x_wconf 85' lang='lat' dir='ltr'>agebat.</span> <span class='ocrx_word' id='word_1_51' title='bbox 580 853 700 928; x_wconf 87' lang='lat' dir='ltr'>jam</span> <span class='ocrx_word' id='word_1_52' title='bbox 714 869 852 909; x_wconf 80' lang='lat' dir='ltr'>vero</span> <span class='ocrx_word' id='word_1_53' title='bbox 874 868 1123 928; x_wconf 77' lang='lat' dir='ltr'>tempora</span> <span class='ocrx_word' id='word_1_54' title='bbox 1141 869 1410 908; x_wconf 65' lang='lat' dir='ltr'>curarum·—</span> 
     </span>
     <span class='ocr_line' id='line_1_10' title="bbox 212 934 1392 1013; baseline -0.004 -18"><span class='ocrx_word' id='word_1_55' title='bbox 212 937 688 1013; x_wconf 79' lang='lat' dir='ltr'>remislionumque</span> <span class='ocrx_word' id='word_1_56' title='bbox 724 934 919 1004; x_wconf 72' lang='lat' dir='ltr'>divifa3</span> <span class='ocrx_word' id='word_1_57' title='bbox 965 937 1055 993; x_wconf 88' lang='lat' dir='ltr'>ubi</span> <span class='ocrx_word' id='word_1_58' title='bbox 1080 948 1392 991; x_wconf 76' lang='lat' dir='ltr'>conventus</span> 
     </span>
     <span class='ocr_line' id='line_1_11' title="bbox 213 1019 1420 1098; baseline -0.002 -18"><span class='ocrx_word' id='word_1_59' title='bbox 213 1041 278 1080; x_wconf 81' lang='lat' dir='ltr'>ac</span> <span class='ocrx_word' id='word_1_60' title='bbox 297 1020 500 1097; x_wconf 87' lang='lat' dir='ltr'>judicia</span> <span class='ocrx_word' id='word_1_61' title='bbox 526 1019 809 1098; x_wconf 86' lang='lat' dir='ltr'>poscerent</span> <span class='ocrx_word' id='word_1_62' title='bbox 824 1062 842 1092; x_wconf 88' lang='lat'>,</span> <span class='ocrx_word' id='word_1_63' title='bbox 867 1022 1046 1094; x_wconf 78' lang='lat' dir='ltr'>gravis</span> <span class='ocrx_word' id='word_1_64' title='bbox 1066 1062 1084 1091; x_wconf 89' lang='lat'>‚</span> <span class='ocrx_word' id='word_1_65' title='bbox 1109 1021 1356 1077; x_wconf 86' lang='lat' dir='ltr'>intentus</span> <span class='ocrx_word' id='word_1_66' title='bbox 1374 1062 1420 1092; x_wconf 80' lang='lat'>,.</span> 
     </span>
     <span class='ocr_line' id='line_1_12' title="bbox 212 1103 1426 1184; baseline -0.004 -18"><span class='ocrx_word' id='word_1_67' title='bbox 212 1106 452 1180; x_wconf 72' lang='lat' dir='ltr'>severuS,</span> <span class='ocrx_word' id='word_1_68' title='bbox 474 1123 530 1165; x_wconf 87' lang='lat' dir='ltr'>et</span> <span class='ocrx_word' id='word_1_69' title='bbox 563 1105 767 1184; x_wconf 86' lang='lat' dir='ltr'>saepius</span> <span class='ocrx_word' id='word_1_70' title='bbox 792 1104 1126 1164; x_wconf 73' lang='lat' dir='ltr'>misericors:</span> <span class='ocrx_word' id='word_1_71' title='bbox 1160 1106 1251 1163; x_wconf 85' lang='lat' dir='ltr'>nbi</span> <span class='ocrx_word' id='word_1_72' title='bbox 1273 1103 1396 1162; x_wconf 85' lang='lat' dir='ltr'>offi·</span> <span class='ocrx_word' id='word_1_73' title='bbox 1414 1144 1426 1151; x_wconf 82' lang='lat'>-</span> 
     </span>
     <span class='ocr_line' id='line_1_13' title="bbox 211 1190 1411 1271; baseline -0.004 -18"><span class='ocrx_word' id='word_1_74' title='bbox 211 1196 302 1253; x_wconf 93' lang='lat' dir='ltr'>cio</span> <span class='ocrx_word' id='word_1_75' title='bbox 342 1190 668 1251; x_wconf 70' lang='lat' dir='ltr'>satisfaetum</span> <span class='ocrx_word' id='word_1_76' title='bbox 687 1235 705 1264; x_wconf 90' lang='lat'>‚</span> <span class='ocrx_word' id='word_1_77' title='bbox 749 1192 898 1251; x_wconf 87' lang='lat' dir='ltr'>nulla</span> <span class='ocrx_word' id='word_1_78' title='bbox 936 1192 1076 1250; x_wconf 74' lang='lat' dir='ltr'>ultra</span> <span class='ocrx_word' id='word_1_79' title='bbox 1114 1190 1411 1271; x_wconf 78' lang='lat' dir='ltr'>potestatis·</span> 
     </span>
     <span class='ocr_line' id='line_1_14' title="bbox 209 1277 1395 1359; baseline -0.001 -22"><span class='ocrx_word' id='word_1_80' title='bbox 209 1277 442 1359; x_wconf 81' lang='lat' dir='ltr'>persona</span> <span class='ocrx_word' id='word_1_81' title='bbox 458 1323 476 1354; x_wconf 88' lang='lat'><strong><em>,</em></strong></span> <span class='ocrx_word' id='word_1_82' title='bbox 497 1278 769 1340; x_wconf 87' lang='lat' dir='ltr'>tristitiam</span> <span class='ocrx_word' id='word_1_83' title='bbox 784 1322 800 1347; x_wconf 92' lang='lat'><strong>,</strong></span> <span class='ocrx_word' id='word_1_84' title='bbox 839 1294 895 1336; x_wconf 87' lang='lat' dir='ltr'>et</span> <span class='ocrx_word' id='word_1_85' title='bbox 918 1280 1274 1356; x_wconf 81' lang='lat' dir='ltr'>arrogantiam</span> <span class='ocrx_word' id='word_1_86' title='bbox 1294 1321 1311 1351; x_wconf 91' lang='lat'><strong><em>,</em></strong></span> <span class='ocrx_word' id='word_1_87' title='bbox 1337 1293 1395 1336; x_wconf 89' lang='lat' dir='ltr'>et</span> 
     </span>
     <span class='ocr_line' id='line_1_15' title="bbox 210 1362 1393 1443; baseline -0.001 -22"><span class='ocrx_word' id='word_1_88' title='bbox 210 1366 492 1423; x_wconf 81' lang='lat' dir='ltr'>avaritiam</span> <span class='ocrx_word' id='word_1_89' title='bbox 510 1380 762 1422; x_wconf 72' lang='lat' dir='ltr'>exueratt</span> <span class='ocrx_word' id='word_1_90' title='bbox 791 1385 893 1423; x_wconf 88' lang='lat' dir='ltr'>nec</span> <span class='ocrx_word' id='word_1_91' title='bbox 916 1366 1016 1433; x_wconf 91' lang='lat' dir='ltr'>illi,</span> <span class='ocrx_word' id='word_1_92' title='bbox 1041 1364 1193 1443; x_wconf 85' lang='lat' dir='ltr'>quod</span> <span class='ocrx_word' id='word_1_93' title='bbox 1215 1362 1288 1421; x_wconf 87' lang='lat' dir='ltr'>est</span> <span class='ocrx_word' id='word_1_94' title='bbox 1307 1384 1393 1422; x_wconf 86' lang='lat' dir='ltr'>ra-</span> 
     </span>
     <span class='ocr_line' id='line_1_16' title="bbox 214 1448 1464 1521; baseline -0.001 -15"><span class='ocrx_word' id='word_1_95' title='bbox 214 1448 491 1515; x_wconf 79' lang='lat' dir='ltr'>rissimum,</span> <span class='ocrx_word' id='word_1_96' title='bbox 514 1465 609 1506; x_wconf 85' lang='lat' dir='ltr'>aut</span> <span class='ocrx_word' id='word_1_97' title='bbox 630 1449 860 1507; x_wconf 83' lang='lat' dir='ltr'>facilitas</span> <span class='ocrx_word' id='word_1_98' title='bbox 879 1453 1275 1521; x_wconf 67' lang='lat' dir='ltr'>auftoritatem,</span> <span class='ocrx_word' id='word_1_99' title='bbox 1300 1462 1418 1506; x_wconf 45' lang='lat' dir='ltr'>aut*</span> <span class='ocrx_word' id='word_1_100' title='bbox 1454 1482 1464 1498; x_wconf 74' lang='lat'>=</span> 
     </span>
     <span class='ocr_line' id='line_1_17' title="bbox 213 1532 1398 1609; baseline -0.002 -17"><span class='ocrx_word' id='word_1_101' title='bbox 213 1532 468 1592; x_wconf 78' lang='lat' dir='ltr'>severitas</span> <span class='ocrx_word' id='word_1_102' title='bbox 498 1552 738 1590; x_wconf 86' lang='lat' dir='ltr'>amorem</span> <span class='ocrx_word' id='word_1_103' title='bbox 761 1532 1050 1592; x_wconf 83' lang='lat' dir='ltr'>deminuit.</span> <span class='ocrx_word' id='word_1_104' title='bbox 1111 1535 1398 1609; x_wconf 75' lang='lat' dir='ltr'>integrita-</span> 
     </span>
     <span class='ocr_line' id='line_1_18' title="bbox 215 1616 1400 1696; baseline -0.002 -19"><span class='ocrx_word' id='word_1_105' title='bbox 215 1634 325 1677; x_wconf 84' lang='lat' dir='ltr'>tem</span> <span class='ocrx_word' id='word_1_106' title='bbox 350 1633 515 1696; x_wconf 85' lang='lat' dir='ltr'>atque</span> <span class='ocrx_word' id='word_1_107' title='bbox 529 1616 900 1676; x_wconf 85' lang='lat' dir='ltr'>abstinentiam</span> <span class='ocrx_word' id='word_1_108' title='bbox 918 1619 976 1674; x_wconf 88' lang='lat' dir='ltr'>in</span> <span class='ocrx_word' id='word_1_109' title='bbox 1003 1634 1157 1676; x_wconf 87' lang='lat' dir='ltr'>tanto</span> <span class='ocrx_word' id='word_1_110' title='bbox 1171 1620 1297 1675; x_wconf 85' lang='lat' dir='ltr'>viro</span> <span class='ocrx_word' id='word_1_111' title='bbox 1314 1638 1400 1675; x_wconf 83' lang='lat' dir='ltr'>re-</span> 
     </span>
     <span class='ocr_line' id='line_1_19' title="bbox 211 1702 1399 1782; baseline -0.002 -18"><span class='ocrx_word' id='word_1_112' title='bbox 211 1705 371 1777; x_wconf 80' lang='lat' dir='ltr'>ferre,</span> <span class='ocrx_word' id='word_1_113' title='bbox 391 1704 590 1782; x_wconf 83' lang='lat' dir='ltr'>injuria</span> <span class='ocrx_word' id='word_1_114' title='bbox 602 1706 868 1762; x_wconf 78' lang='lat' dir='ltr'>virtutum</span> <span class='ocrx_word' id='word_1_115' title='bbox 887 1702 1076 1762; x_wconf 65' lang='lat' dir='ltr'>fuerin</span> <span class='ocrx_word' id='word_1_116' title='bbox 1112 1724 1183 1761; x_wconf 89' lang='lat' dir='ltr'>ne</span> <span class='ocrx_word' id='word_1_117' title='bbox 1200 1702 1399 1763; x_wconf 78' lang='lat' dir='ltr'>famam</span> 
     </span>
     <span class='ocr_line' id='line_1_20' title="bbox 214 1789 1408 1871; baseline 0.001 -23"><span class='ocrx_word' id='word_1_118' title='bbox 214 1790 457 1871; x_wconf 81' lang='lat' dir='ltr'>quidem,</span> <span class='ocrx_word' id='word_1_119' title='bbox 481 1793 569 1851; x_wconf 86' lang='lat' dir='ltr'>cui</span> <span class='ocrx_word' id='word_1_120' title='bbox 584 1792 758 1850; x_wconf 81' lang='lat' dir='ltr'>etiam</span> <span class='ocrx_word' id='word_1_121' title='bbox 771 1789 922 1870; x_wconf 70' lang='lat' dir='ltr'>saepe</span> <span class='ocrx_word' id='word_1_122' title='bbox 940 1791 1074 1849; x_wconf 80' lang='lat' dir='ltr'>boni</span> <span class='ocrx_word' id='word_1_123' title='bbox 1094 1790 1408 1868; x_wconf 66' lang='lat' dir='ltr'>indulgent,-</span> 
     </span>
     <span class='ocr_line' id='line_1_21' title="bbox 213 1875 1399 1957; baseline 0.001 -22"><span class='ocrx_word' id='word_1_124' title='bbox 213 1875 529 1936; x_wconf 71' lang='lat' dir='ltr'>ostentanda</span> <span class='ocrx_word' id='word_1_125' title='bbox 550 1879 774 1952; x_wconf 85' lang='lat' dir='ltr'>virtute,</span> <span class='ocrx_word' id='word_1_126' title='bbox 807 1894 902 1936; x_wconf 73' lang='lat' dir='ltr'>aut</span> <span class='ocrx_word' id='word_1_127' title='bbox 924 1898 1017 1957; x_wconf 87' lang='lat' dir='ltr'>per</span> <span class='ocrx_word' id='word_1_128' title='bbox 1040 1893 1207 1937; x_wconf 81' lang='lat' dir='ltr'>artem</span> <span class='ocrx_word' id='word_1_129' title='bbox 1234 1898 1399 1957; x_wconf 90' lang='lat' dir='ltr'>quae-</span> 
     </span>
     <span class='ocr_line' id='line_1_22' title="bbox 214 1961 1480 2041; baseline 0.002 -21"><span class='ocrx_word' id='word_1_130' title='bbox 214 1961 371 2021; x_wconf 79' lang='lat' dir='ltr'>livit:</span> <span class='ocrx_word' id='word_1_131' title='bbox 416 1965 609 2041; x_wconf 81' lang='lat' dir='ltr'>procul</span> <span class='ocrx_word' id='word_1_132' title='bbox 650 1966 716 2023; x_wconf 89' lang='lat' dir='ltr'>ab</span> <span class='ocrx_word' id='word_1_133' title='bbox 752 1966 1116 2023; x_wconf 66' lang='lat' dir='ltr'>aemulatione</span> <span class='ocrx_word' id='word_1_134' title='bbox 1145 1962 1401 2022; x_wconf 77' lang='lat' dir='ltr'>adversus</span> <span class='ocrx_word' id='word_1_135' title='bbox 1477 1999 1480 2002; x_wconf 96' lang='lat'>-</span> 
     </span>
     <span class='ocr_line' id='line_1_23' title="bbox 215 2047 1408 2128; baseline 0.001 -22"><span class='ocrx_word' id='word_1_136' title='bbox 215 2047 478 2124; x_wconf 77' lang='lat' dir='ltr'>collegas,</span> <span class='ocrx_word' id='word_1_137' title='bbox 501 2050 694 2128; x_wconf 90' lang='lat' dir='ltr'>procul</span> <span class='ocrx_word' id='word_1_138' title='bbox 712 2070 744 2108; x_wconf 90' lang='lat' dir='ltr'>a</span> <span class='ocrx_word' id='word_1_139' title='bbox 759 2055 1126 2108; x_wconf 81' lang='lat' dir='ltr'>contentione</span> <span class='ocrx_word' id='word_1_140' title='bbox 1149 2048 1408 2108; x_wconf 74' lang='lat' dir='ltr'>adversus</span> 
     </span>
     <span class='ocr_line' id='line_1_24' title="bbox 217 2129 1415 2211; baseline 0.003 -23"><span class='ocrx_word' id='word_1_141' title='bbox 217 2129 603 2209; x_wconf 65' lang='lat' dir='ltr'>procuratotes</span> <span class='ocrx_word' id='word_1_142' title='bbox 621 2150 724 2205; x_wconf 36' lang='lat' dir='ltr'>ket</span> <span class='ocrx_word' id='word_1_143' title='bbox 753 2137 975 2192; x_wconf 78' lang='lat' dir='ltr'>vincere</span> <span class='ocrx_word' id='word_1_144' title='bbox 1006 2134 1325 2211; x_wconf 82' lang='lat' dir='ltr'>inglorium,</span> <span class='ocrx_word' id='word_1_145' title='bbox 1346 2146 1415 2191; x_wconf 85' lang='lat' dir='ltr'>et·</span> 
     </span>
     <span class='ocr_line' id='line_1_25' title="bbox 220 2214 1418 2276; baseline 0.003 -3"><span class='ocrx_word' id='word_1_146' title='bbox 220 2219 379 2273; x_wconf 85' lang='lat' dir='ltr'>atteri</span> <span class='ocrx_word' id='word_1_147' title='bbox 400 2214 670 2275; x_wconf 83' lang='lat' dir='ltr'>sordidum</span> <span class='ocrx_word' id='word_1_148' title='bbox 692 2220 1084 2276; x_wconf 39' lang='lat' dir='ltr'>arbitrabaturf</span> <span class='ocrx_word' id='word_1_149' title='bbox 1107 2220 1289 2275; x_wconf 85' lang='lat' dir='ltr'>minus</span> <span class='ocrx_word' id='word_1_150' title='bbox 1308 2220 1418 2276; x_wconf 58' lang='lat' dir='ltr'>tri*</span> 
     </span>
     <span class='ocr_line' id='line_1_26' title="bbox 219 2299 1405 2379; baseline 0.003 -19"><span class='ocrx_word' id='word_1_151' title='bbox 219 2303 451 2361; x_wconf 86' lang='lat' dir='ltr'>ennium</span> <span class='ocrx_word' id='word_1_152' title='bbox 470 2302 529 2359; x_wconf 88' lang='lat' dir='ltr'>in</span> <span class='ocrx_word' id='word_1_153' title='bbox 552 2323 614 2361; x_wconf 89' lang='lat' dir='ltr'>ea</span> <span class='ocrx_word' id='word_1_154' title='bbox 638 2299 906 2379; x_wconf 64' lang='lat' dir='ltr'>legaiione</span> <span class='ocrx_word' id='word_1_155' title='bbox 930 2302 1201 2376; x_wconf 86' lang='lat' dir='ltr'>detentus,</span> <span class='ocrx_word' id='word_1_156' title='bbox 1226 2322 1286 2363; x_wconf 90' lang='lat' dir='ltr'>ac</span> <span class='ocrx_word' id='word_1_157' title='bbox 1304 2302 1405 2363; x_wconf 83' lang='lat' dir='ltr'>sta·</span> 
     </span>
     <span class='ocr_line' id='line_1_27' title="bbox 220 2384 1415 2467; baseline 0.003 -21"><span class='ocrx_word' id='word_1_158' title='bbox 220 2390 323 2446; x_wconf 88' lang='lat' dir='ltr'>tim</span> <span class='ocrx_word' id='word_1_159' title='bbox 362 2386 432 2446; x_wconf 83' lang='lat' dir='ltr'>ad</span> <span class='ocrx_word' id='word_1_160' title='bbox 459 2384 604 2467; x_wconf 87' lang='lat' dir='ltr'>spem</span> <span class='ocrx_word' id='word_1_161' title='bbox 640 2385 949 2446; x_wconf 86' lang='lat' dir='ltr'>consulatus</span> <span class='ocrx_word' id='word_1_162' title='bbox 985 2405 1265 2448; x_wconf 84' lang='lat' dir='ltr'>revocatus</span> <span class='ocrx_word' id='word_1_163' title='bbox 1289 2389 1363 2449; x_wconf 88' lang='lat' dir='ltr'>est</span> <span class='ocrx_word' id='word_1_164' title='bbox 1383 2433 1415 2466; x_wconf 75' lang='lat'>,</span> 
     </span>
     <span class='ocr_line' id='line_1_28' title="bbox 224 2475 1424 2564; baseline 0.003 -29"><span class='ocrx_word' id='word_1_165' title='bbox 224 2475 526 2536; x_wconf 76' lang='lat' dir='ltr'>comitante</span> <span class='ocrx_word' id='word_1_166' title='bbox 541 2476 828 2558; x_wconf 77' lang='lat' dir='ltr'>opimone,</span> <span class='ocrx_word' id='word_1_167' title='bbox 851 2477 1191 2564; x_wconf 74' lang='lat' dir='ltr'>Britanniam</span> <span class='ocrx_word' id='word_1_168' title='bbox 1212 2478 1259 2536; x_wconf 87' lang='lat' dir='ltr'>ei</span> <span class='ocrx_word' id='word_1_169' title='bbox 1277 2498 1424 2559; x_wconf 65' lang='lat' dir='ltr'>ptor-</span> 
     </span>
    </p>
   </div>
  </div>
 </body>
</html>
