1759 2992
365 133 478 204 178
570 147 632 192 e.
666 148 1054 194 οοιιηιιι
1087 148 1377 192 raet-r:

354 230 594 291 vinciam
614 230 762 304 dari;
791 231 958 292 nullis
984 232 1041 292 in
1063 234 1175 293 hoe
1198 230 1305 293 suis
1328 230 1540 296 sermo-

354 316 518 376 nibus
537 357 557 390 ,
594 313 683 374 sed
726 319 856 395 quia
895 337 992 397 par
1026 316 1350 393 videbaturg
1390 315 1544 378 haud.

355 399 561 479 semper
581 418 722 461 errat
751 402 890 463 fama
906 444 928 478 ,
964 403 1259 483 aliquando
1286 420 1341 464 et
1363 404 1548 483 eligit..

356 484 547 547 consul
572 490 816 565 egregiae
853 504 972 548 tum
1007 487 1118 567 spei
1150 486 1317 549 filiam
1348 490 1556 567 juveni.

355 573 491 631 mihi
513 571 825 653 despondit,
847 594 910 632 ac
932 573 1049 651 post
1071 572 1412 636 consulatum
1431 574 1552 635 col-

356 657 594 727 locavit,
633 674 688 717 et
720 658 895 719 statim
921 660 1236 719 Britanniae
1271 658 1553 739 praeposi-

360 758 452 802 tus
494 742 568 803 est
585 787 606 819 ,
648 745 859 824 adjer
902 744 1254 824 pontificatus
1299 743 1548 804 sacerdo·

361 830 466 890 tio,
537 828 1028 891 Britanniaefitum
1044 828 1537 910 popniosquemul-
1559 848 1644 890 ro

363 917 436 974 tis
454 913 804 996 scriptoribus
819 919 1174 990 memoratos,
1187 938 1302 975 non
1321 916 1378 975 in
1395 935 1554 974 com-

363 1004 707 1079 parationem
722 1025 787 1063 cu
795 1024 882 1063 rae
899 1003 1177 1080 ingeniive
1191 1001 1410 1060 referam
1429 1023 1443 1061 ε
1463 999 1550 1061 sed

368 1088 497 1165 quia
514 1103 630 1147 tum
651 1090 888 1166 primum
907 1088 1211 1167 perdomita
1234 1086 1305 1145 est
1317 1109 1340 1158 ;
1368 1087 1576 1166 itaque*

368 1192 506 1249 quae
520 1173 1118 1250 prioresnondumcom
1124 1186 1273 1247 perta
1286 1171 1551 1248 eloquen-

367 1258 442 1314 tia
477 1257 822 1333 percoluere,
868 1277 1048 1316 terum
1090 1255 1192 1314 fide
1235 1256 1546 1316 tradentur.

364 1343 652 1401 Britannia
674 1340 967 1401 insularum
1001 1362 1143 1420 quas·
1167 1346 1418 1400 Romana
1443 1362 1557 1400 no-

359 1427 478 1502 titia
493 1427 867 1507 compiee‘titur
885 1428 1146 1501 maxima,
1159 1425 1332 1507 spatio
1350 1449 1411 1487 ac
1428 1449 1552 1493 cae-¹

362 1513 420 1572 io
436 1515 494 1571 in
522 1515 802 1575 Orientem
827 1516 1179 1588 Germaniae,
1204 1515 1262 1572 in
1285 1514 1558 1573 Occiden-

365 1616 474 1659 tem
485 1598 775 1680 Hispaniae
791 1600 1141 1662 obtenditurt
1162 1599 1339 1659 Gallis
1359 1600 1412 1658 in
1429 1606 1554 1659 Me-

365 1684 556 1745 ridiem
577 1686 743 1745 etiam
772 1684 1090 1765 inspicitur:
1126 1688 1554 1763 septemtriona-

363 1771 437 1830 lia
452 1770 599 1847 ejus,
616 1772 779 1829 nullis
795 1787 993 1830 contra
1010 1772 1189 1842 terris,
1213 1767 1363 1827 vasto
1381 1786 1546 1845 atque

362 1872 556 1933 aperto
578 1858 714 1914 mari
749 1847 1048 1932 pussantur.
1104 1852 1339 1912 formam
1367 1855 1547 1913 totius

361 1940 675 2001 Britanniae
687 1941 880 1999 Livius
896 1955 1156 2006 veterum,
1191 1940 1389 1997 Fabius
1408 1938 1552 1998 Rus·

363 2027 504 2086 ticus
521 2028 819 2086 recentium
834 2023 1250 2105 eloquentissimi
1272 2028 1558 2095 auom-es,

363 2112 630 2191 oblongae
654 2110 889 2173 scutulae
920 2110 1010 2172 ve}
1034 2111 1265 2189 bipenni
1300 2109 1549 2170 affimila-

362 2220 521 2272 vere3
551 2214 606 2258 et
635 2197 707 2256 est
731 2218 791 2257 ea
816 2196 984 2268 facies
1010 2200 1145 2257 citra
1170 2194 1554 2268 Caledoniam,

364 2286 572 2346 unde-et
590 2287 646 2343 in
666 2283 976 2344 universum
1005 2283 1149 2351 fama
1168 2279 1240 2339 est
1265 2280 1550 2359 transgres-

359 2368 443 2440 sa3
483 2368 569 2429 sed
602 2370 921 2430 immensum
963 2384 1021 2428 et
1056 2387 1281 2428 enorme
1314 2365 1559 2445 spatium

354 2459 791 2535 procurrentium
824 2473 1074 2529 extremo
1094 2456 1214 2536 jam
1242 2452 1407 2515 litore
1436 2453 1553 2513 ter-
