1759 2992
393 69 508 131 168
602 82 660 125 c.
693 61 1085 127 co‘nur-:zu
1117 78 1409 126 raon-1

352 225 365 230 -
382 168 539 245 gittis
565 166 683 246 spes
700 209 720 243 ‚
743 185 881 246 quas
906 167 1103 246 inopia
1122 165 1255 227 ferri
1273 168 1467 227 ostibus
1487 163 1568 228 as·

380 267 602 334 perant.
665 252 921 331 idemque
940 267 1173 313 venatus
1199 255 1353 313 viros
1375 255 1570 333 pariter

384 359 449 398 ac
462 336 695 397 feminas
711 337 826 397 alit.
853 339 1036 417 passim
1049 342 1197 398 enim
1213 342 1569 407 comitantur,

379 440 700 505 partemque
716 423 948 501 praedae
963 437 1179 502 petunt.
1204 445 1310 483 nec
1327 424 1473 485 aliud
1492 428 1573 483 in-

382 508 621 567 fantibus
666 505 904 567 ferarum
942 509 1312 588 imbriumque
1348 508 1575 587 suffugi·

379 613 475 651 um
494 634 513 667 ,
555 612 719 671 quam
739 608 801 652 ut
823 594 884 651 in
907 594 1099 671 aliquo
1122 611 1400 651 ramorum
1425 615 1578 655 nexu

378 693 780 757 contegantur3
805 681 913 737 huc
935 676 1163 737 redeunt
1179 677 1436 754 juvenes,
1462 683 1580 739 hoc

384 763 573 826 senum
610 762 1025 843 receptaculum.
1087 762 1145 822 id
1177 765 1389 823 beatius
1426 766 1577 824 arbi-

391 867 633 925 trantur,
655 870 820 930 quam
841 852 1114 928 ingemere
1136 850 1301 927 agris,
1320 850 1581 910 illabora-

388 958 450 997 re
464 936 739 1010 domibus,
761 933 882 995 suas
898 932 1204 1015 alienasque
1217 934 1473 994 fortunas
1487 934 1582 1016 spe

390 1038 649 1101 metuque
661 1020 894 1081 versare.
942 1020 1110 1081 securi
1127 1019 1383 1084 adversus
1395 1024 1579 1081 bomi-

384 1128 507 1181 nes‚
528 1106 697 1169 securi
721 1105 979 1165 adversus
1001 1105 1156 1178 deor,
1183 1126 1298 1166 rem
1320 1106 1578 1168 difficilli-

385 1212 528 1251 mam
557 1190 772 1249 assecuti
794 1192 941 1263 sunt,
968 1206 1030 1249 ur
1064 1192 1175 1251 illis
1197 1212 1269 1252 ne
1291 1209 1431 1253 voto
1453 1196 1576 1271 qui-

385 1277 508 1336 dem
523 1294 665 1356 opus
681 1274 763 1335 fit.
795 1277 1094 1356 ceterajam
1108 1276 1378 1341 fabulosat
1403 1280 1423 1311 ‘
1441 1278 1576 1338 Hel-

383 1363 406 1397 ‘
431 1360 593 1421 lufios
610 1379 664 1420 et
683 1363 931 1423 Oxionas
945 1382 1046 1422 ora
1064 1366 1355 1426 hominum
1370 1364 1577 1425 vultus·

387 1448 407 1482 ‘
432 1467 562 1528 que,
602 1467 837 1527 corpora
859 1464 1027 1528 atque
1048 1466 1201 1511 artus
1224 1450 1451 1511 ferarum
1477 1470 1575 1528 ge·

332 1536 341 1546 “
386 1534 407 1567 ⁸
433 1554 549 1594 rere
569 1537 610 1606 ;'
647 1534 794 1613 quod
820 1553 927 1612 ego
949 1550 1015 1596 ut
1038 1538 1430 1620 incompertum
1448 1580 1469 1613 ,
1509 1539 1572 1596 in

388 1621 625 1682 medium
644 1620 970 1701 relinquam.
