1759 2992
366 67 486 146 264
609 85 706 129 οε
742 83 1275 130 οιΑτοκιΒὋε

354 166 677 246 disputatur.
711 168 842 225 haec
857 167 1006 226 enim
1021 163 1096 224 est
1112 166 1320 225 oratori
1338 160 1526 241 subjec-

351 267 411 312 ta
425 251 493 311 ad
506 250 795 310 dicendum
813 253 1063 311 materia.
1108 271 1234 312 nam
1253 249 1529 327 injudiciis

352 336 464 397 fere
490 336 863 414 deaequitate‚
895 338 951 395 in
968 335 1446 395 deliberationibus
1467 334 1534 392 de

352 419 627 482 honestate
638 421 895 493 dicimus,
907 422 983 478 ita
999 436 1058 479 ut
1075 420 1397 499 plerumque
1410 423 1535 479 haec

350 506 465 588 ipsa
488 508 724 565 invicem
741 504 1101 576 misceamini-3
1126 506 1195 564 de
1217 508 1417 584 quibus
1445 525 1540 565 co-

262 641 269 650 .
351 589 500 674 piose
514 606 570 649 et
586 593 735 651 varie
754 606 811 649 et
827 605 1026 650 ornate
1049 610 1216 650 nemo
1231 590 1414 650 dicere
1437 611 1541 670 po-

352 677 475 751 test,
512 674 611 736 nifi
635 678 733 756 qui
769 676 1046 755 cognovit
1057 690 1307 735 naturam
1345 677 1543 735 huma-

357 784 490 827 nam
506 806 525 839 ,
562 779 622 822 et
641 766 755 823 vim
776 766 1067 835 virtutum,
1100 763 1544 842 pravitatemque

356 852 624 913 vitiorum
644 891 664 924 ,
705 864 762 909 et
799 849 1130 909 intelleftum
1168 867 1364 907 eornm
1401 865 1544 926 quae

357 958 465 999 nec
495 939 551 995 in
575 937 875 995 virtutibus
893 954 1073 1014 neque
1093 935 1151 994 in
1176 934 1325 993 vitiis
1354 952 1543 993 uume-

358 1037 572 1082 rantur.
615 1041 685 1079 ex
706 1023 790 1079 his
822 1021 1074 1081 fontibus
1108 1021 1272 1079 etiam
1304 1017 1393 1077 illa
1413 1037 1546 1097 pro·

356 1108 563 1184 fiuant,
595 1120 658 1162 ut
678 1104 893 1162 facilius
909 1108 1041 1161 iram
1050 1104 1257 1179 judicis
1277 1103 1371 1162 ‘vel
1385 1103 1547 1162 insti·

348 1205 444 1267 get
467 1187 553 1247 vel
567 1187 766 1258 :leniag
783 1189 886 1265 qui
902 1185 1154 1264 scitzquid
1172 1188 1248 1243 ira
1264 1208 1281 1257 3
1300 1205 1550 1264 promp-

350 1276 462 1333 tius
492 1271 559 1331 ad
584 1269 981 1330 miserationem
1004 1269 1278 1350 impellat,
1313 1272 1414 1349 qui
1436 1268 1552 1332 scit

351 1357 486 1439 quid
513 1355 578 1417 fit
596 1354 959 1417 misericordia
981 1399 999 1426 ,
1031 1372 1095 1415 et
1121 1355 1331 1435 quibus
1369 1358 1551 1418 animi

353 1446 601 1506 motibus
625 1445 956 1504 concitetur.
1001 1445 1061 1501 in
1089 1445 1177 1501 his
1206 1442 1416 1501 artibus
1444 1462 1552 1503 ex·

353 1527 877 1608 ercitationibusque
897 1527 1148 1589 ²¹versatus
1178 1542 1401 1599 orator,
1436 1526 1552 1589 ssve

355 1615 504 1697 apud
519 1614 762 1683 infestos,
787 1614 897 1675 (ive
920 1614 1064 1695 apud
1086 1613 1335 1692 cupidos,
1356 1611 1467 1672 five
1488 1633 1549 1675 a·

352 1700 465 1781 pud
483 1702 816 1773 invidentes,
843 1699 954 1760 five
976 1699 1118 1779 apud
1137 1696 1332 1772 tristes,
1353 1696 1463 1758 five
1488 1719 1550 1758 a·

355 1785 467 1864 pud
491 1788 747 1844 timentes
779 1784 1071 1844 dicendum
1095 1785 1363 1853 habuerit,
1395 1798 1553 1843 tene-

353 1872 436 1930 bit
454 1871 690 1927 habenas
711 1871 1022 1929 animorum
1040 1890 1058 1929 t
1079 1884 1136 1928 et
1171 1884 1337 1949 prout
1359 1868 1553 1945 cujus-

354 1974 462 2035 que
479 1970 674 2013 natura
690 1951 1001 2033 postulabit,
1029 1955 1303 2015 adhibebit
1322 1973 1556 2015 manum

354 2056 412 2102 et
440 2042 762 2119 temperabit
791 2042 1125 2115 orationem,
1163 2057 1358 2118 parato
1389 2043 1558 2101 omni

357 2126 740 2199 instrumento,
768 2144 821 2185 et
840 2126 908 2185 ad
924 2147 1141 2186 omnem
1162 2123 1313 2184 usum
1338 2125 1559 2206 repoli-

357 2226 442 2272 to.
491 2211 615 2272 sunt
632 2212 774 2291 apud
794 2233 939 2291 quos
953 2211 1240 2284 asti-idiunt,
1269 2228 1326 2270 et
1341 2212 1564 2271 collec-

356 2311 510 2368 tum,
550 2313 606 2356 et
638 2297 846 2375 singula
864 2296 1038 2357 statim
1058 2312 1374 2374 argumenta
1406 2318 1564 2357 con·

353 2379 582 2442 cludens
605 2382 819 2445 dicendi
842 2403 1041 2464 genus,
1068 2382 1194 2465 plus
1217 2381 1343 2445 fidei
1371 2402 1569 2445 mete-
