1759 2992
380 163 598 216 sumi
635 161 911 206 Anxie.
943 163 1162 206 vri-A.
1257 160 1382 223 197

197 247 425 309 fortium
456 249 697 306 virorum
722 243 1002 305 ambitiose
1019 285 1038 319 ,
1077 263 1257 324 neque
1279 253 1388 323 per

196 335 436 393 lamenta
455 328 632 390 rursus
649 351 711 390 ae
729 351 1025 391 maerorem
1045 331 1377 391 muliebriter

198 419 357 488 tulit3
383 418 510 477 etin
534 416 676 476 lustu
693 415 927 477 bellurn
901 434 1055 475 mter
1072 416 1304 475 remedia
1319 435 1376 474 e-

115 517 312 583 29rat.
400 505 573 578 Igitur
595 500 868 581 praemiffa
906 500 1056 562 claffe
1094 521 1233 581 quae
1255 499 1388 579 plu·'

198 590 349 647 ribus
378 587 510 646 loeis
535 588 809 667 praedata,
834 607 1091 665 magnum
1122 603 1178 645 et
1198 589 1377 647 ineer-

200 689 317 732 tuni
342 688 601 732 terrorem
619 670 819 733 faceret
842 716 858 742 ,
886 674 1144 749 expedito
1167 672 1379 731 exerci-

198 772 281 832 tu,
301 761 387 817 eui
420 777 492 815 ex
514 760 783 817 Britannis
807 757 1115 816 fortiffimos
1139 773 1194 815 et
1209 756 1380 832 longa

199 862 330 921 paee
349 840 669 919 exploratos
690 840 1008 914 addiderat,
1036 841 1103 900 ad
1134 857 1387 900 montem

190 929 522 1004 Grampium
537 927 968 1004 pervenit,quem
981 926 1096 1000 jam
1109 924 1310 983 hostes
1295 945 1394 982 in·-

198 1008 463 1071 sederant.
510 1029 638 1070 nam
662 1010 910 1067 Britanni
926 1009 1059 1068 nihil
1073 1007 1227 1069 fraeti
1243 1019 1394 1088 pug-'

198 1116 305 1155 nae
332 1096 529 1175 prioris
546 1111 768 1168 eventu,
790 1103 853 1154 et*
866 1095 1134 1154 ultionem
1165 1092 1379 1154 autfer-

196 1183 393 1240 vitiurn
431 1177 799 1260 exspeistantes
817 1222 836 1255 ‚
877 1181 1203 1258 tandemque
1229 1182 1396 1241 dom·

194 1286 490 1326 commune
508 1267 805 1344 perieulum
831 1266 1128 1326 eoncordia
1154 1267 1378 1348 propul-

194 1349 448 1424 sandum,
473 1351 836 1427 legationibus
851 1367 908 1410 et
925 1351 1232 1412 foederibus
1254 1359 1392 1413 orn-'

195 1437 351 1494 nium
374 1438 657 1495 civitatum
685 1438 831 1495 vires
856 1440 1189 1496 exciverunt.
1231 1439 1378 1515 jam·-

193 1537 305 1598 que
327 1516 482 1597 super
500 1522 727 1595 triginta
750 1521 917 1580 mima
942 1537 1268 1580 armatorum
1294 1521 1377 1580 as-

194 1604 532 1684 piciebantur
545 1647 564 1679 ‚
601 1619 656 1663 et
691 1605 867 1663 adhue
906 1605 1153 1665 affluebat
1190 1609 1376 1666 omnis
1395 1659 1400 1666 ,

185 1690 479 1768 juventus,
497 1707 554 1748 et
581 1693 778 1769 quibus
803 1690 965 1749 cruda
997 1712 1060 1748 ac
1078 1691 1282 1751 viridis?
1300 1690 1401 1750 se»-

194 1778 410 1848 nestus,
432 1775 563 1835 clari
578 1776 740 1849 beno,
772 1797 834 1836 ac
863 1774 954 1835 sua
973 1774 1198 1856 quisque
1212 1777 1378 1838 deco·

193 1879 255 1918 ra
271 1859 532 1937 gestantes
548 1884 565 1921 ε
581 1881 706 1922 eum
724 1861 1061 1943 interplures
1079 1863 1244 1924 duces
1262 1867 1374 1924 vir·

195 1957 310 2002 tute
337 1961 393 2004 et
417 1968 612 2023 genere
642 1946 913 2026 praestans
929 1990 950 2022 ‚
990 1950 1215 2009 nomine
1238 1952 1373 2009 Gal-

193 2050 400 2105 gacus,
438 2032 578 2110 apud
605 2038 942 2091 contradtam
965 2034 1396 2094 multitudinem·

195 2114 461 2191 proelium
490 2114 795 2194 poscentem
816 2159 833 2189 ,
871 2120 929 2174 in
966 2119 1114 2176 hunc
1147 2118 1402 2177 modum-¹

110 2216 193 2279 30
206 2197 421 2256 loeutus
436 2199 607 2257 fertur
621 2222 639 2258 ε
715 2201 735 2230 ‘
753 2204 1027 2277 Qotiens
1041 2222 1140 2258 cau
1148 2201 1244 2259 ffas
1259 2203 1392 2260 bel-'-

196 2283 218 2317 ‘
240 2282 281 2340 li
300 2298 355 2340 et
369 2282 721 2342 neeeffitatem
735 2282 965 2343 nostram
981 2287 1215 2360 intueor,
1227 2306 1375 2364 mag-
1395 2301 1402 2308 ·

191 2367 216 2400 ⁴
238 2388 346 2427 nus
363 2369 496 2426 mihi
513 2368 727 2427 animus
744 2367 839 2444 est,
868 2369 1190 2429 hodiernum
1210 2371 1392 2446 diem‚'

193 2453 215 2532 .‘
237 2451 662 2537 eonsensumque
690 2451 917 2515 vestrum
933 2497 956 2534 ‚
982 2457 1194 2518 initium
1216 2457 1402 2520 liberrss
