1759 2992
369 153 459 196 nn
497 148 871 195 nonnus
913 148 1162 193 cunm.
1260 132 1377 208 165

196 241 260 299 in
292 237 544 298 ordinem
566 236 824 295 lateribus
846 232 1177 312 adjungunt.
1239 232 1385 295 solu·

198 341 318 385 tum
344 324 487 383 utin
511 319 825 400 quibusdam
852 321 1158 389 fluminum,
1184 334 1241 379 et
1262 339 1385 381 mu-

198 408 369 469 tabile
389 424 452 467 ut
466 427 552 467 res
573 406 769 486 poscit,
791 408 926 466 hinc
938 405 1028 466 vel
1051 405 1202 466 illinc
1222 407 1383 466 remi·

199 498 375 573 gium.
423 492 500 554 est
525 491 670 572 apud
692 492 821 551 illos
844 506 902 550 et
931 493 1132 572 opibus
1155 495 1382 565 honosg

199 600 380 660 eoque
394 600 536 640 unus
553 580 852 659 imperitat,
875 578 1038 637 nullis
1052 578 1167 655 jam
1183 598 1385 656 excep·

194 668 447 728 ‘tionibus
464 710 485 743 ,
514 685 630 725 non
669 667 920 744 precario
952 665 1078 741 jure
1113 665 1383 743 parendi3

200 772 305 814 nec
326 772 478 812 arma
501 766 562 810 ut
585 750 729 829 apud
758 765 972 810 ceteros
992 757 1301 809 Germanos
1323 751 1386 808 in

199 836 514 916 promiscuo
533 877 554 911 ,
591 834 682 893 sed
707 834 881 892 clausa
918 833 1015 894 sub
1037 834 1258 893 custode
1276 875 1295 907 ,
1331 848 1388 893 et

203 922 427 999 quidem
449 919 606 979 strvo
623 940 640 975 ι
670 921 798 996 quia
818 918 1027 976 subitos
1048 917 1281 978 hostium
1303 920 1390 976 in·

202 1004 389 1066 cursus
426 1005 681 1084 prohibet
702 1022 974 1074 oceanus;
1011 1000 1185 1061 otiosa
1219 1021 1392 1083 porro

201 1106 539 1151 armatorum
568 1109 764 1149 manus
792 1087 951 1149 facile
971 1086 1288 1162 lasciviunt3
1333 1109 1392 1147 e·

199 1180 453 1238 nimvero
488 1195 668 1256 neque
704 1175 948 1235 nobilem
965 1217 986 1251 ,
1025 1193 1205 1255 neque
1235 1178 1391 1253 inge-

199 1284 393 1339 nuum,
412 1283 481 1322 ne
492 1262 802 1322 libertinum
820 1261 1043 1341 quidem
1059 1263 1222 1322 armis
1233 1282 1389 1342 prae·

111 1370 151 1426 4
163 1366 414 1429 5ponete
435 1350 583 1425 regia
602 1347 811 1408 utilitas
837 1346 933 1407 est.
1022 1352 1212 1407 Trans
1233 1350 1389 1409 Suio-

195 1453 303 1495 nas
319 1433 462 1493 aliud
480 1452 649 1506 mare,
666 1436 908 1512 pigrum,
926 1452 989 1491 ac
1003 1451 1175 1512 prope
1190 1436 1389 1492 immo-

196 1534 343 1593 tum,
355 1537 469 1596 quo
485 1520 634 1594 cingi
650 1518 908 1595 cludique
926 1532 1189 1576 terrarum
1204 1519 1391 1578 orbem

192 1607 334 1666 hinc
347 1602 482 1665 fides
498 1625 516 1676 ς
543 1602 696 1685 quod
709 1617 989 1662 extremus
1010 1601 1258 1661 cadentis
1271 1603 1392 1679 jam

193 1690 330 1753 solis
355 1689 537 1768 fulgor
550 1691 608 1748 in
626 1704 786 1749 ortus
800 1687 1011 1763 edurat,
1034 1688 1172 1746 adel-o
1186 1688 1391 1765 clarus,

190 1792 262 1837 ut
283 1775 452 1836 fidei-a
471 1776 712 1836 hebetet.
758 1773 952 1835 sonum
976 1770 1193 1855 insuper
1212 1794 1389 1834 emer-

192 1864 382 1941 gentis
403 1862 598 1930 audiri,
625 1860 935 1940 formasque
957 1861 1207 1935 deorum,
1230 1876 1286 1920 et
1301 1883 1390 1921 ra·

196 1949 324 2009 dios
340 1950 536 2028 capitis
555 1947 718 2027 aspici
734 1945 997 2026 persuafio
1016 1947 1225 2024 adjicit.
1258 1948 1393 2006 illuc

198 2033 370 2112 usqne
383 2034 475 2103 (et
490 2033 634 2093 fama
655 2039 814 2107 vera)
832 2048 1040 2092 tantum
1058 2048 1274 2092 natura.
1307 2053 1392 2090 er-

199 2136 277 2196 go
294 2120 410 2193 jam
433 2117 633 2177 dextro
655 2120 868 2176 suevici
898 2119 1059 2174 maris
1075 2117 1240 2173 litore
1262 2115 1393 2174 Aes-

201 2220 425 2278 tyorum
449 2217 636 2277 gentes
659 2202 941 2259 alluuntm·
960 2221 978 2258 ε
1026 2201 1226 2279 quibus
1253 2203 1392 2260 ritus

201 2283 525 2364 habitusque
544 2293 870 2358 suevorum,
899 2285 1089 2362 lingua
1112 2287 1393 2346 Britanni·

204 2392 298 2432 cae
313 2373 563 2453 propior.
601 2378 832 2431 Matrem
846 2370 1006 2430 deum
1023 2388 1388 2446 veneranturg

206 2458 415 2540 infigne
440 2457 858 2544 superstitionis,
888 2457 1093 2520 formas
1117 2465 1394 2539 ‘Aprorum
