1759 2992
328 143 416 203 60
560 157 1047 201 &contentu
1084 156 1372 200 τΑοιτι

327 240 458 316 fert,
479 241 734 321 equestris
750 241 962 301 ordinis
984 243 1164 302 virum
1171 285 1190 315 ,
1215 240 1303 301 sed
1319 242 1507 299 aueto-

329 329 490 387 ritate
500 328 750 403 famaque
766 331 912 387 inter
921 347 1192 408 proceres,
1207 329 1275 386 ab
1285 347 1355 386 eo
1369 345 1509 385 con·

327 415 487 473 tracti
518 412 844 492 haruspices,
894 433 1181 486 monuere,
1235 412 1256 444 ‘
1289 426 1353 470 ut
1382 410 1512 470 reli·

278 520 291 527 ·
327 499 350 531 ‘
372 500 535 579 quiae
545 501 749 578 prioris
766 498 975 558 delubri
994 501 1052 558 in
1076 497 1296 576 paludes
1310 499 1511 556 avehe-

338 586 359 617 ‘
377 599 588 659 rentur,
627 584 888 662 templum
905 582 1088 642 iisdem
1110 581 1349 659 vestigiis
1364 579 1511 641 fiste·

325 669 346 702 ‘
369 685 518 728 retur
530 692 549 741 ;
594 670 744 728 nolle
765 669 898 730 deos
920 670 1118 728 mutari
1137 683 1377 749 veterem
1390 665 1508 725 for-

325 757 348 788 ‘
369 758 562 816 mam.’
605 755 894 815 undecimo
916 753 1179 818 kalendas
1203 753 1401 829 Julias,
1425 749 1506 810 se-

324 862 460 901 rena
490 842 634 910 luce,
671 837 901 919 spatium
922 860 1094 900 omne
1121 837 1273 918 quod
1296 835 1509 914 templo

323 927 628 1000 dicabatur,
668 927 946 986 evine'tum
967 926 1125 986 vittis
1156 918 1506 1001 coronisque.

325 1013 537 1091 ingreffi
560 1012 781 1085 milites,
818 1016 947 1092 quis
969 1009 1135 1082 fausta
1150 1009 1396 1082 nomina,
1430 1007 1511 1067 fe-

323 1099 524 1159 licibus·
558 1101 757 1168 ramim
804 1098 934 1157 dein
976 1092 1509 1175 virginep,Vestale3,

321 1204 450 1243 cum
459 1181 949 1262 pueris-puellisque
962 1184 1208 1262 patrimis
1221 1178 1512 1239 matrimis-

318 1288 449 1347 que,
490 1286 634 1346 aqua
657 1269 790 1325 rivis
813 1283 868 1325 et
882 1266 1141 1327 fontibus
1152 1264 1512 1345 amnibusque

319 1351 521 1421 hausta,
539 1352 802 1431 perluere.
844 1367 964 1412 tum
981 1353 1275 1413 Helvidius
1294 1352 1510 1410 Priscus

318 1452 569 1519 praetor-,x
598 1452 891 1516 praeeunte
914 1438 1112 1502 Plauto
1136 1440 1332 1498 Eiiano
1366 1458 1511 1517 pon-

320 1523 482 1595 tifice,
521 1522 742 1583 lustrata
775 1521 1226 1584 suovetaurilibus
1266 1543 1414 1598 area,
1455 1537 1515 1581 et

318 1611 478 1691 super
494 1609 751 1690 cespitem
775 1611 1003 1670 redditis
1031 1613 1201 1681 extis,
1240 1610 1260 1642 ‘
1288 1617 1512 1685 Jovem,

323 1698 347 1728 ‘
363 1704 667 1773 Junonem,
686 1698 1017 1771 Minervam,
1031 1693 1393 1774 praesidesque
1409 1698 1514 1754 im-

321 1782 346 1814 ‘
365 1783 501 1859 perii
527 1780 664 1839 deos
688 1796 907 1859 precatu
916 1802 948 1840 s,
969 1784 1048 1840 uti
1073 1795 1269 1861 coepta
1290 1778 1513 1861 prospe-

310 1865 335 1898 ‘
360 1880 568 1937 tarent,
593 1863 845 1944 sedesque
863 1865 983 1925 suas
1003 1869 1206 1945 pietate
1223 1868 1515 1929 homin-um

312 1948 337 1983 ί
356 1950 668 2018 inchoatas,
681 1950 867 2010 divina
884 1972 993 2030 ope
1009 1953 1322 2013 attollerent
1337 1955 1380 2022 ς’
1400 1954 1513 2012 vit·
1569 2000 1574 2003 .

312 2051 399 2095 tas
423 2039 548 2116 quis
566 2034 765 2112 ligatus
795 2037 934 2116 lapis
958 2040 1260 2117 innexique
1273 2037 1431 2097 funes
1447 2057 1507 2096 e-

240 2180 245 2185 ,
312 2136 460 2198 rant,
480 2123 742 2197 contigit.
784 2121 939 2182 fimul
956 2126 1119 2183 ceteri
1138 2122 1506 2200 magistratus,

311 2225 370 2267 et
392 2207 724 2279 sacerdotes,
760 2224 818 2267 et
855 2206 1097 2280 senatus,
1127 2224 1183 2268 et
1213 2228 1405 2287 eques,
1447 2224 1508 2268 et

313 2314 509 2369 magna
550 2314 678 2374 pars
719 2295 935 2394 populi,
969 2294 1150 2353 studio⁴
1183 2294 1509 2371 laetitiaque

316 2379 569 2452 connixi,
592 2377 777 2438 saxum
793 2400 991 2456 ingens
1007 2396 1254 2439 traxere=
1293 2378 1505 2460 pamm-

232 2474 248 2484 *
318 2463 1039 2541 queinjeetaefundamentis
1051 2466 1507 2546 argentinus-ique
