1759 2992
363 102 455 182 96
597 115 1406 161 e.conun.11·1·A01·rt

367 203 385 228 ‘
410 202 606 262 decore
622 203 848 270 eximio,
888 218 945 260 et
954 202 1168 279 ‚majore
1183 222 1346 281 quam
1365 203 1547 259 huma-

359 286 381 319 ‘
400 309 481 348 «na
514 286 684 367 specie
703 288 994 365 juvenem,
1034 290 1129 366 qui
1159 288 1444 354 moneret‚’
1485 300 1550 343 ut.

359 373 617 434 fidiffimis
633 376 932 434 amicorum
949 377 1007 431 in
1017 381 1257 432 Pontum
1279 374 1465 445 musis,
1476 369 1556 430 ef-

360 460 539 537 figiem
570 458 716 518 suam
752 461 983 517 acciret:
1031 460 1232 516 laetum
1272 458 1329 516 id
1355 478 1556 535 regnu,

362 564 730 622 magnamque
746 559 801 603 et
816 544 1065 602 inclitam
1085 542 1258 602 sedem
1275 542 1396 601 fore
1414 564 1561 622 quae

359 629 677 707 excepiffet;
723 631 740 660 ‘
758 627 906 688 fimul
928 628 1103 688 visum
1119 626 1367 687 eumdem
1387 628 1553 703 juve-

358 715 380 748 ‘
406 735 534 776 nem
561 718 622 774 in
648 715 862 776 eoelum
896 718 1021 792 igne
1051 714 1287 793 plurimo
1327 713 1554 772 attolli!-

361 802 698 864 Ptolemaeus
720 803 905 861 omine
941 816 998 860 et
1018 799 1281 860 miraculo
1303 801 1550 875 excitae,

365 888 733 949 sacerdotibus
764 889 1161 966 AEgyptiorum‚
1199 885 1401 965 quibus
1430 905 1562 944 mos

367 976 500 1034 talia
525 974 844 1049 intelligere,
874 979 1178 1033 nocturnos
1194 970 1343 1031 visus
1361 973 1557 1049 aperit.

364 1076 529 1140 atque
563 1060 669 1117 illis
693 1062 854 1118 Ponti
876 1074 933 1117 et
966 1075 1320 1117 externorum
1361 1076 1558 1134 parum

363 1147 570 1222 gnaris,
593 1147 950 1201 Timotheum
969 1141 1356 1201 Atheniensem
1374 1163 1405 1200 e
1415 1161 1557 1217 gen-

364 1245 419 1289 te
451 1227 917 1306 Eumolpidarum,
964 1246 1129 1304 quem
1155 1240 1219 1283 ut
1254 1225 1556 1285 antistitem

364 1315 815 1375 caerimoniarum
835 1310 1009 1370 Eleufi
1022 1313 1324 1382 exciverat,
1349 1317 1366 1343 ‘
1385 1331 1554 1390 quae-

367 1402 388 1435 ‘
414 1421 537 1461 nam
555 1399 648 1458 illa
665 1396 992 1476 superstitio,
1016 1396 1168 1477 quod
1184 1416 1389 1457 numen
1406 1398 1450 1455 ?’
1467 1398 1557 1456 in-

369 1501 655 1564 terrogat„
695 1486 1031 1543 Timotheus
1068 1481 1318 1562 quaesitis
1358 1485 1454 1561 qui
1494 1484 1560 1543 in

373 1581 613 1635 Pontum
634 1569 916 1644 medient,
939 1568 1426 1648 cognosciturbem
1444 1567 1582 1629 illic·

370 1663 635 1738 Sinopen,
659 1678 763 1717 nec
780 1656 972 1734 procul
990 1656 1252 1736 templum
1268 1668 1452 1714 vetere
1467 1656 1560 1713 in«

372 1762 456 1807 ter
473 1745 686 1804 accolas
699 1744 844 1802 fama
861 1744 1021 1818 Jovis
1036 1744 1206 1801 Ditis.
1251 1760 1487 1820 namque
1497 1755 1556 1799 et

370 1834 684 1892 muliebrem
710 1829 940 1905 effigiem
965 1826 1205 1900 assistere,
1249 1846 1413 1903 quam
1438 1828 1552 1905 ple-

370 1921 526 1997 rique
563 1914 935 1993 Proserpinam
968 1927 1190 1997 vqcent.
1240 1909 1329 1969 sed
1365 1910 1552 1970 Ptole·

368 2022 574 2073 maeus,
620 2017 682 2060 ut
706 2000 830 2060 sunt
850 2000 1070 2075 ingenia
1091 2016 1299 2074 regum,
1341 2016 1553 2073 pronus

371 2089 438 2148 ad
457 2087 802 2147 formidinem
820 2109 839 2159 3
871 2087 963 2143 ubi
980 2083 1231 2143 securitas
1248 2083 1430 2157 rediit,
1445 2102 1553 2142 vo·

367 2174 422 2233 lu
429 2189 636 2253 ptatum
649 2193 812 2251 quam
824 2171 1149 2246 religionum
1160 2183 1444 2247 appetens,
1456 2189 1556 2227 ne·-

367 2260 568 2335 gligere
589 2258 844 2335 paulatim
878 2254 1113 2335 aliasque
1141 2253 1397 2317 adcuras
1434 2256 1552 2313 ani-

366 2362 514 2400 mum
539 2358 780 2401 vertere:
822 2343 1000 2403 donec
1020 2340 1202 2400 eadem
1220 2339 1417 2420 species
1442 2354 1549 2398 ter-

365 2418 573 2485 ribilior
590 2428 706 2507 jam
730 2441 784 2488 et
805 2426 1123 2504 instantior,
1157 2428 1176 2462 ‘
1201 2427 1428 2489 exitium
1451 2422 1552 2505 ipfi
