1759 2992
344 144 464 189 212
553 141 614 185 C·
650 140 1039 184 cor-ultr!
1073 137 1363 181 TACIT!

332 219 517 282 occiso
532 225 722 283 Civica
738 242 932 302 nuper,
956 242 1058 281 nec
1075 222 1362 299 Agricolae
1378 240 1526 280 con-

332 305 504 366 filium
516 306 718 377 deerat,
732 328 831 366 uec
843 307 1166 366 Domitiano
1179 307 1515 384 exemplum.

333 390 586 453 aeceffere
607 393 829 471 quidam
865 394 1264 468 cogitationum
1307 393 1518 470 princi·

335 479 421 555 pis
442 479 622 556 periti,
648 479 745 555 qui
773 478 792 509 ‘
814 475 1054 535 iturusne
1067 474 1193 535 effer
1210 478 1266 535 in
1285 479 1517 554 provin·

336 566 355 593 ‘
378 565 535 622 ciam'
560 562 708 620 ultro
732 561 1048 637 Agricolam
1070 563 1517 637 interrogarent3

333 665 399 703 ac
430 647 610 723 primo
638 648 913 706 occultius
942 647 962 677 ‘
979 646 1216 725 quietem
1247 660 1304 703 et
1335 648 1520 705 otium

332 731 352 761 ‘
375 729 617 805 laudare,
645 752 781 790 mox
812 751 1035 811 operam
1061 730 1204 789 suam
1227 732 1286 788 in
1314 750 1521 809 appro-

334 813 357 849 ‘
381 814 562 876 banda
580 814 958 876 excusatione'
987 813 1216 875 offerre:
1248 814 1534 893 postremo

336 921 454 960 non
475 902 592 979 jam
618 900 869 976 obscuri,
900 900 1182 961 suadentes
1219 899 1370 959 fimul
1406 915 1518 958 ter·

337 985 642 1065 rentesque,
664 1003 974 1065 pertraxere
1001 985 1068 1045 ad
1096 987 1473 1046 Domitianum
1494 1006 1516 1056 ς

337 1073 435 1150 qui
455 1088 670 1149 paratus
685 1070 1046 1144 fimulatione,
1068 1074 1125 1128 iu
1147 1071 1523 1146 arrogantiam

336 1154 690 1231 compositus,
713 1171 768 1211 et
790 1155 959 1213 audiit
975 1173 1171 1231 preces·
1183 1152 1516 1227 excusantis,

334 1252 390 1296 et
416 1259 538 1297 cum
561 1236 849 1312 aunuiss‘et‚
880 1240 968 1314 agi
994 1236 1086 1297 fibi
1106 1238 1311 1313 gratias
1334 1234 1520 1315 paffuz

333 1320 439 1382 esta
477 1342 583 1383 nec
603 1322 821 1381 erubuit
840 1321 1081 1381 beneficii
1105 1319 1348 1391 invidia3
1378 1319 1519 1380 sala·

336 1408 479 1467 rium
491 1422 673 1486 tamen
693 1407 1062 1487 proconsulari
1078 1404 1296 1466 solitum
1310 1404 1515 1475 offerri,

337 1509 394 1553 et
416 1491 730 1573 quibusdam
754 1514 788 1553 a
803 1493 989 1572 seipso
1009 1490 1336 1560 concellum,
1362 1494 1518 1569 Agri·

340 1580 494 1639 colae
516 1600 631 1638 non
652 1578 828 1639 dedit:
865 1580 972 1639 five
993 1577 1227 1638 offensus
1246 1598 1362 1637 non
1382 1579 1518 1655 peti·

340 1678 481 1736 tum,
506 1663 611 1723 five
628 1684 700 1723 ex
721 1664 1074 1737 conscientia,
1098 1685 1169 1722 ne
1184 1662 1335 1739 quod
1366 1675 1513 1722 vetu-

339 1763 456 1807 erat
479 1750 752 1806 videretur
768 1746 969 1814 emiss‘e.
1033 1749 1318 1824 proprium
1337 1749 1521 1804 huma·

338 1835 397 1892 ni
414 1834 619 1907 ingenii
636 1831 730 1903 est,
757 1830 926 1888 odiffe
947 1849 1111 1907 quem
1128 1826 1374 1888 laeseris:
1403 1836 1519 1887 Do·

338 1915 545 1976 mitiani
562 1934 695 1972 vero
716 1929 905 1971 natura
925 1932 1177 1991 praeceps
1200 1914 1432 1986 initam,
1461 1929 1519 1972 et

340 2021 454 2080 quo
469 1996 767 2071 obscurior,
790 2018 858 2055 eo
876 1996 1304 2068 irrevocabilior,
1327 1997 1515 2055 mode-

342 2088 555 2146 ratione
590 2099 773 2143 tamen
808 2083 1204 2162 prudentiaque
1230 2082 1522 2158 Agricolae

341 2170 820 2247 leniebatur,;,quia
833 2190 949 2227 non
966 2169 1329 2240 contumacia,
1345 2187 1544 2246 nequex

342 2259 496 2318 inani
537 2257 838 2332 jadiatione
876 2255 1136 2314 libertatis
1155 2296 1173 2325 ,
1212 2252 1407 2310 famam
1445 2252 1520 2310 fa·

343 2352 569 2415 tumque
595 2342 951 2418 provocabat.
1000 2338 1167 2397 sciant
1189 2339 1387 2415 quibus
1405 2358 1517 2395 mo-

338 2421 417 2478 ris
441 2421 623 2493 illicita
644 2425 868 2501 mirati,⁴
900 2423 1231 2504 poss'eetiam
1256 2419 1537 2487 submalia.
