1759 2992
304 174 431 234 252
560 176 654 218 na
692 171 1219 218 oum-onnus

301 276 444 330 mae,
482 273 544 317 ut
569 257 772 320 sumere
805 262 863 319 in
892 280 1121 329 manus,
1157 273 1216 318 et
1251 253 1488 338 aspicere

302 340 509 422 saepius
533 343 719 404 liceat:
752 344 1019 424 quaedam
1044 365 1176 406 vero
1192 345 1386 425 procul
1406 364 1493 404 ar-

303 445 534 489 ceantur
551 473 571 503 ,
609 448 669 490 ut
689 433 806 508 jam
825 432 1136 491 oblitterata
1157 446 1214 491 et
1246 430 1454 489 olentia
1470 450 1492 493 a

306 514 519 575 nullum
543 515 604 574 fit
629 520 853 577 verbum
875 517 1027 577 velut
1053 515 1494 594 rubigineinfec·
1581 490 1586 494 ἢ

306 613 460 670 tum,
490 603 627 661 nulli
650 600 830 661 sensus
859 603 1016 662 tarda
1037 620 1095 662 et
1127 604 1292 661 inerti
1322 600 1496 661 strue·

306 700 454 759 tura,
484 689 541 745 in
566 708 778 748 morem
804 688 1125 758 Annalium,
1147 707 1495 766 componan-

310 784 433 831 tur:
465 772 637 851 fugiat
669 773 884 834 foedam
907 791 962 833 et
985 772 1236 834 insulsam
1259 772 1496 834 scurrili·

312 873 505 932 tatem,
544 862 718 920 variet
741 859 1217 941 compofitionem‚
1246 879 1351 918 nec
1374 878 1496 918 om·

313 964 415 1003 nes
431 944 692 1005 clausulas
709 967 825 1006 uno
840 963 896 1006 et
918 947 1107 1007 eodem
1124 944 1291 1005 modo
1307 943 1496 1004 ter-mi-

264 1040 275 1046 ’
314 1046 433 1090 net.
525 1032 681 1091 Nolo
699 1033 926 1092 irridere
957 1034 975 1065 ‘
996 1048 1175 1090 rotam
1205 1030 1486 1104 fortunae,
1504 1054 1582 1114 23

315 1119 332 1144 ‘
355 1131 411 1174 et
433 1119 532 1193 jus
554 1120 877 1196 Verrinum,
897 1121 913 1145 '
934 1134 989 1174 et
1009 1116 1141 1175 illud
1173 1118 1337 1174 tertio
1353 1135 1498 1193 quo·

308 1219 420 1274 que
441 1198 584 1257 sensu
617 1204 675 1258 in
693 1205 954 1260 omnibus
979 1219 1081 1279 pro
1104 1197 1370 1257 sententia
1387 1219 1501 1277 po-

306 1281 485 1351 fitum,
507 1284 529 1316 ‘
541 1283 642 1344 effe
658 1284 948 1344 videatur.’
993 1303 1119 1343 nam
1142 1297 1198 1341 et
1210 1286 1316 1341 hoc
1342 1284 1498 1342 invi·

309 1384 398 1427 tus
421 1370 628 1445 rettuli,
663 1385 719 1429 et
749 1370 905 1450 plura
928 1366 1105 1443 omifi,
1140 1388 1278 1448 quae
1307 1382 1499 1429 tamen

312 1454 428 1515 sola
464 1458 731 1518 mirantur
766 1473 932 1537 atque
967 1457 1294 1536 exprimunt
1313 1456 1371 1512 hi
1396 1456 1499 1533 qui

317 1547 336 1572 ‘
359 1541 414 1601 se
449 1545 710 1623 antiquos
748 1547 1011 1604 oratores’
1037 1557 1274 1614 vocant3
1321 1542 1499 1599 nemi-

312 1649 440 1688 nem
454 1633 777 1701 nominabo,
788 1650 964 1708 genus
978 1630 1263 1689 hominum
1282 1624 1501 1705 fignass‘e

312 1730 644 1775 contentus:
690 1715 778 1775 fed
805 1718 964 1776 vobis
993 1718 1183 1795 utique
1220 1709 1501 1773 versantur

309 1815 442 1858 ante
464 1799 680 1872 oculos,
703 1803 797 1880 qui
816 1800 1092 1858 Lucilium
1117 1819 1218 1877 pro
1233 1798 1500 1871 Horatio,

310 1900 364 1944 et
388 1887 700 1944 Lucretium
725 1903 826 1960 pro
859 1884 1103 1958 Virgilio
1122 1884 1334 1958 legunt,
1372 1883 1501 1960 qui·

310 1973 415 2030 bus
428 1969 741 2049 eloquentia
757 1972 836 2028 tui
858 1967 1065 2028 Aufidii
1084 1967 1236 2041 Baffi,
1260 1980 1356 2024 aut
1371 1972 1499 2025 Ser-

312 2058 431 2117 vilii
447 2058 713 2128 Noniani,
729 2075 799 2115 ex
815 2054 1222 2134 comparatione
1235 2049 1503 2112 Sisennae

314 2160 408 2204 aut
423 2143 693 2203 Varronis
714 2139 887 2200 sordet
900 2164 920 2214 ς
949 2145 1045 2221 qui
1069 2143 1350 2198 rhetorum
1365 2136 1500 2198 nol:-

314 2247 526 2291 trorum
563 2230 989 2289 commentarios
1017 2225 1292 2285 fastidiunt
1311 2267 1329 2298 ,
1361 2222 1498 2283 ode·

313 2332 447 2375 runt
461 2339 479 2387 3-
499 2316 655 2375 Calvi
672 2318 942 2374 mirantur
958 2336 973 2372 z
997 2332 1138 2394 quos
1154 2331 1306 2371 more
1321 2307 1500 2388 prisco

312 2402 456 2477 apud
473 2402 716 2474 judicem
734 2400 1060 2473 fabulantes,
1084 2419 1203 2457 non
1218 2395 1498 2456 auditores

311 2484 633 2563 sequuntur,
674 2507 792 2549 non
815 2488 1051 2569 populus
1084 2483 1380 2563 audit„vix
1400 2479 1502 2542 de·

1709 2151 1724 2198 l
