1759 2992
395 169 617 219 JULM
656 166 1188 210 AGRlcdrtTA.
1282 163 1405 226 209

221 248 412 310 falsum
433 270 465 306 e
496 250 792 308 Germania
811 249 1170 325 triumphum,
1202 249 1406 325 emptis

223 356 321 413 per
341 336 685 405 commercia,
720 352 952 410 quorum
977 334 1190 391 habitus
1221 347 1277 389 et
1299 333 1406 392 cri-

225 440 328 477 nes
340 422 396 476 in
412 421 745 497 captivorum
759 415 983 497 speciem
1000 416 1369 479 formarentur
1380 437 1399 475 ε

225 518 284 562 at
313 524 461 563 nunc
490 523 672 563 veram
704 523 1066 581 magnamque
1093 503 1399 574 victoriam,

226 603 316 646 tot
354 589 591 647 millibus
615 587 846 648 bostium
870 585 1027 647 caefis
1046 630 1066 661 ,
1094 589 1308 662 ingenti
1325 585 1407 644 fa-

226 693 316 733 ma
336 673 615 732 celebrari.
663 674 719 732 id
742 672 835 731 fibi
871 675 1108 731 maxime
1142 671 1405 730 formido·

222 756 435 830 losum,
480 760 679 837 privati
714 760 954 824 hominis
999 777 1205 815 nomen
1233 755 1409 834 supra

225 843 495 921 principis
528 843 739 900 attolli:
777 841 967 899 flustra
997 840 1165 898 studia
1196 840 1323 908 fori,
1350 855 1407 897 et

225 927 468 984 civilium
492 929 688 983 artium
707 925 870 983 decus
895 926 954 982 in
988 924 1250 982 mentium
1271 927 1405 997 acia,

224 1006 264 1065 fi
282 1009 563 1069 militarem
585 1009 814 1084 gloriam
840 1009 975 1067 alius
996 1021 1318 1086 occuparet:
1351 1023 1407 1066 et

224 1108 402 1153 cetera
422 1109 717 1172 utcumque
729 1091 941 1153 facilius
957 1092 1282 1168 diffimulari,
1304 1092 1406 1153 dn-

222 1179 304 1237 εἰς
349 1181 486 1239 boni
523 1181 933 1259 imperatoriam
977 1180 1232 1238 virtutem
1276 1177 1402 1239 effe.

222 1262 422 1324 talibus
440 1268 585 1325 curis
607 1268 902 1339 exercitus,
928 1264 1190 1343 quodque
1219 1262 1405 1325 saevae

223 1351 582 1424 cogitationis
611 1350 872 1409 indicium
894 1365 1038 1423 etat,
1075 1347 1280 1410 secreto
1305 1349 1404 1409 suo

223 1431 469 1507 satiatuS,
504 1436 771 1512 optimum
807 1436 867 1492 in
897 1433 1193 1512 praesentia
1223 1433 1405 1494 statuit

222 1535 489 1594 reponere
510 1517 728 1588 odium;
756 1517 934 1576 donec
959 1521 1191 1596 impetus
1228 1519 1405 1577 famae

221 1615 278 1659 et
302 1601 459 1660 favor
482 1603 754 1660 exercitus
777 1601 1174 1677 languescet-eu
1196 1623 1320 1661 nam
1344 1623 1403 1660 e·

221 1687 354 1745 tiam
385 1703 499 1745 tum
534 1688 791 1762 Agricola
824 1688 1154 1747 Britanniam
1189 1688 1402 1746 obtine-

139 1791 221 1847 4o
233 1773 343 1830 bat.
444 1773 618 1846 Igitur
641 1772 660 1803 ‘
680 1772 1024 1849 triumphalia
1052 1786 1402 1848 ornamenta,

222 1856 322 1918 ‘et
354 1854 568 1915 illustris
604 1856 804 1917 statuae
828 1859 1117 1931 honorem,
1156 1873 1212 1917 et
1242 1859 1402 1937 quid·-

220 1940 243 1973 ‘
272 1941 403 2019 quid
432 1962 532 2019 pro
557 1946 835 2022 triumpho
858 1943 1057 2016 datur,’
1089 1944 1262 2003 multo
1280 1964 1402 2003 ver·

220 2025 417 2085 borum
432 2030 643 2085 honore
664 2030 958 2105 cumulara,
975 2029 994 2059 ‘
1012 2029 1227 2087 decerni
1248 2032 1306 2087 in
1324 2028 1400 2088 fi:-

222 2108 243 2139 ‘
270 2123 403 2165 natu
429 2111 623 2183 jubetz
665 2112 898 2189 addique
933 2111 1148 2189 insuper
1177 2115 1402 2188 opinio-

224 2191 246 2221 ‘
271 2210 416 2262 nem,
439 2195 642 2267 Syriam
660 2197 994 2271 provinciam
1010 2195 1295 2269 Agricolae
1310 2194 1401 2253 de·

166 2345 171 2350 ι
223 2275 243 2308 ‘
268 2273 474 2345 stinari,
509 2298 728 2336 vacuam
761 2295 874 2338 tum
895 2294 1069 2336 morte
1091 2276 1246 2339 Atilii
1275 2279 1398 2338 Rufi

223 2361 244 2392 ‘
269 2358 566 2419 consularis
584 2405 602 2435 ‚
630 2378 687 2421 et
715 2364 1012 2438 majoribus
1039 2361 1401 2424 reservatam.’

222 2444 496 2512 credidere
510 2446 775 2529 plerique,
795 2448 1047 2512 libertum
1064 2469 1135 2512 ex
1150 2446 1397 2513 secretio-
1425 2473 1432 2478 ·
