1759 2992
400 74 515 136 216
604 85 1086 131 crcoanssmr
1129 84 1411 129 τΑοι-τι

387 174 523 232 felix
547 172 798 249 Agricola
837 192 954 230 non
980 173 1129 231 vitae
1159 186 1372 228 tantum
1406 170 1568 231 clari·

387 268 502 317 ta'te
521 299 539 330 ‚
583 255 672 314 fed
693 258 855 314 etiam
891 257 1525 335 opportunitate-mortis
1546 281 1566 329 ς

388 359 450 402 ut
474 344 755 421 perhibent
776 342 870 417 qui
890 340 1250 398 interfuerunt
1272 342 1568 400 novistimis

391 427 723 486 sermonibus
745 428 878 496 tuis,
900 427 921 457 ⁴
939 425 1197 485 constans
1226 441 1280 482 et
1304 425 1480 483 libens
1497 427 1573 484 fa-

391 513 413 545 ‘
440 528 554 569 tum
569 510 842 589 excepisti,
863 525 1145 587 tamquam
1166 530 1269 588 pro
1286 512 1427 568 virili
1447 532 1577 589 por-

391 603 410 656 5
436 599 586 654 tione
620 598 994 653 innocentiam
1027 596 1254 672 principi
1285 589 1577 655 dbnares.’

388 679 478 741 sed
508 682 639 740 mihi
677 680 959 757 filiaeque,
996 696 1209 758 praeter
1233 683 1580 741 acerbitatem

392 768 630 846 parentis
653 767 845 844 erepti,
875 781 1035 843 auget
1057 764 1394 837 maestitiamf
1423 766 1582 842 quod

395 851 612 911 affidere
636 845 969 920 valetudini,
1001 850 1187 909 fovere
1217 849 1580 919 deficientem,

392 935 574 995 satiari
603 936 780 1008 vultu,
816 936 1131 1014 complexu,
1163 955 1279 993 non
1306 937 1581 1011 contigit·

392 1020 779 1098 excepiffimus
823 1036 971 1078 certe
993 1020 1259 1077 ‘mandata
1287 1019 1582 1099 vocesque,

390 1124 527 1182 quas
569 1107 787 1181 penitus
808 1106 992 1160 animo
1014 1103 1318 1177 figeremuS.
1382 1106 1584 1163 noster

388 1190 476 1246 hic
501 1188 657 1245 dolor
676 1229 692 1255 ,
716 1184 958 1244 nostrum
992 1187 1192 1244 vulnus
1208 1208 1225 1243 r
1263 1186 1425 1245 nobis
1448 1201 1584 1248 tam

383 1271 583 1347 longae
619 1269 885 1329 absentiae
916 1268 1234 1329 conditione
1271 1284 1397 1329 ante
1430 1291 1584 1349 qua-

385 1356 696 1415 driennium
718 1353 933 1415 amissus
968 1376 1050 1415 es.
1110 1358 1298 1414 omnia
1320 1355 1431 1415 sine
1469 1357 1578 1415 du·

387 1444 507 1514 bio,
548 1444 756 1519 optime
778 1448 1086 1530 parentum,
1112 1440 1364 1500 assidente
1386 1462 1579 1499 aman·

392 1529 582 1587 tissima
607 1548 780 1587 uxore
796 1569 813 1596 ,
857 1521 1158 1605 superfuere
1192 1529 1395 1585 honori
1438 1543 1579 1584 tuo:

389 1614 739 1691 paucioribus
758 1630 941 1671 tamen
963 1613 1220 1687 lacrymis
1239 1612 1578 1689 compositus

389 1716 468 1763 ea,
493 1713 546 1754 et
570 1698 889 1754 novissima
876 1717 931 1753 in
955 1697 1075 1754 luce
1098 1696 1458 1754 desideravere
1474 1696 1578 1752 ali·

388 1781 520 1856 quid
544 1783 690 1837 oculi
725 1782 824 1835 tui.
914 1781 968 1835 Si
1002 1780 1125 1855 quis
1147 1783 1364 1855 piorum
1390 1782 1569 1837 mani·
1585 1780 1665 1856 46

385 1865 484 1928 bus
509 1863 694 1931 locus;
723 1860 761 1919 fi
782 1877 841 1918 ut
865 1860 1198 1939 sapientibus
1228 1868 1425 1939 placet,
1450 1884 1579 1923 non.

388 1967 510 2006 cum
544 1965 775 2025 corpore
796 1944 1214 2021 exstinguuntur
1236 1966 1467 2024 magnae
1508 1968 1576 2005 a·

391 2035 568 2092 nimae
582 2053 598 2101 3
619 2030 826 2109 placide
842 2028 1104 2108 quiescas,
1115 2050 1191 2087 no
1199 2029 1321 2109 sque
1337 2030 1577 2091 domum

392 2132 539 2176 tuam
564 2119 629 2175 ab
660 2114 876 2174 infirmo
900 2113 1181 2185 defiderio,
1213 2129 1268 2171 et
1297 2116 1580 2173 muliebri·

390 2205 495 2261 bus
511 2203 760 2260 lamentis
776 2200 842 2259 ad
858 2201 1380 2277 contemplationem
1393 2201 1579 2259 virtu-

390 2299 509 2343 tum
537 2301 749 2345 tuarum
774 2307 969 2359 voces,
1004 2306 1142 2366 quas
1171 2306 1348 2365 neque
1376 2285 1580 2360 lugeri,

384 2386 566 2446 neque
589 2370 775 2449 plangi
796 2371 878 2431 fas
894 2370 999 2432 est:
1026 2369 1379 2433 admiratione
1395 2383 1447 2427 te
1461 2388 1578 2447 po-
