1759 2992
337 134 455 193 108
532 152 588 194 c.
628 153 1026 196 connexu
1072 152 1354 197 ‘rAcrrt

328 233 450 291 dica
467 237 663 293 arbor:
698 252 757 294 ut
779 235 1003 317 quisque
1026 259 1204 298 ramus
1228 238 1512 312 intumuit,

326 315 368 375 fi
404 321 518 378 vim
569 319 692 379 ferri
737 323 1011 397 adhibeas,
1058 341 1264 403 pavent
1304 344 1508 395 venae3

326 403 596 482 fragmine
625 409 840 486 lapidis,
884 424 977 466 aut
1009 409 1138 467 testa
1162 412 1514 487 aperiuntur;

327 494 528 550 humor
542 496 599 550 in
614 493 718 550 vsu
739 494 1073 552 medentium
1090 494 1184 553 est.
1228 500 1512 571 praecipu·

325 595 418 634 um
438 579 706 639 montium
723 581 988 657 Libanum
999 581 1375 656 erigit,mirum
1390 581 1514 639 dic-

322 674 405 734 tu,
429 677 614 721 tantos
642 666 789 722 inter
811 664 1029 722 ardores
1052 685 1282 743 opacum
1304 663 1506 722 fidum-

322 767 430 822 que
451 751 692 809 nivibus.
735 750 876 809 idem
900 770 1112 808 amnem
1132 750 1427 825 Jordanem
1444 769 1503 807 a·

318 831 407 905 lit,
437 833 748 914 funditque.
794 858 896 897 nec
921 836 1181 912 Jordanes
1204 836 1395 914 pelago
1411 855 1522 895 ac-.

320 922 540 999 cipitur.
586 921 675 981 sed
701 942 868 982 unum
893 939 1057 1002 atque
1075 923 1298 983 alterum
1322 922 1508 981 lacum,

319 1007 531 1084 integer
548 1011 795 1087 perfluit:
832 1012 997 1068 tertio
1023 1010 1309 1068 retinetur.
1355 1008 1506 1066 lacus

315 1093 584 1152 immenso
609 1098 834 1161 ambitu,
873 1094 1047 1173 specie
1076 1098 1267 1166 maris,
1312 1092 1504 1172 sapore

313 1182 650 1255 corruptior,
668 1183 937 1254 gravitate
952 1178 1142 1236 odoris
1160 1180 1359 1237 accolis
1376 1177 1495 1256 pes·
1517 1201 1523 1206 ·

309 1260 453 1337 tifer,
478 1283 652 1340 neque
671 1278 841 1322 vento
857 1263 1176 1341 impellitur,
1196 1283 1373 1341 neque
1392 1261 1496 1341 pis-

309 1368 400 1407 ces
446 1365 540 1406 aut
587 1349 762 1407 suetas
785 1350 943 1426 aquis
985 1349 1239 1408 volucres
1269 1350 1496 1426 patitur.

309 1436 548 1494 incertae
570 1435 747 1495 undae
771 1433 1089 1514 superjadleb
1115 1450 1176 1494 ut
1199 1432 1402 1508 solido,
1423 1434 1502 1493 fe-

312 1537 537 1580 runtur:
590 1524 746 1598 periti
769 1522 1120 1599 imperitique
1145 1521 1335 1594 nandi,
1381 1543 1518 1599 per·.

309 1608 440 1667 inde
465 1608 814 1667 attolluntur.
862 1622 1016 1666 certo
1048 1609 1203 1680 anni,
1249 1609 1497 1666 bitumen

309 1698 510 1771 egerit:
554 1695 710 1770 cujus
733 1693 953 1771 legendi
991 1692 1164 1764 usum,
1204 1708 1264 1750 ut
1293 1708 1496 1751 ceteras

307 1797 471 1846 artes,
489 1782 824 1857 experientia
841 1780 1047 1838 docuit.
1074 1793 1187 1836 ater
1201 1777 1380 1855 suapte
1396 1798 1493 1835 na-

292 1872 428 1924 'tura
451 1865 660 1944 liquor,
706 1880 760 1922 et
790 1863 969 1943 sparso
1005 1881 1157 1923 aceto
1179 1878 1493 1936 concretu3‚

302 1955 515 2010 innatat
537 1973 554 2024 ;
581 1954 728 2009 hunc
745 1972 911 2010 manu
932 1966 1174 2030 captum,
1210 1951 1407 2026 quibus
1426 1968 1490 2006 ea

304 2034 450 2109 cura,
471 2039 530 2094 in
549 2034 753 2095 summa
772 2041 936 2095 navis
953 2040 1200 2095 trahunt.
1222 2033 1348 2092 inde
1366 2035 1494 2094 nul-

302 2124 360 2181 lo
379 2125 612 2199 juvante
635 2123 838 2195 influit,
876 2137 1178 2200 oneratque
1193 2121 1370 2179 donec
1395 2124 1492 2180 ab·

302 2208 547 2280 scindun
571 2229 671 2266 nec
685 2206 993 2266 abscindere
1007 2229 1125 2267 aere
1136 2207 1348 2272 ferrove
1368 2206 1491 2284 pos-

301 2291 399 2348 fis:
449 2294 588 2369 fugit
611 2314 863 2352 cruorem
892 2293 1201 2371 vestemque
1240 2294 1494 2353 infeetam

300 2373 570 2447 sanguine,
598 2399 709 2453 quo
723 2379 961 2437 feminae
979 2400 1073 2455 per
1091 2377 1295 2437 menses
1311 2378 1486 2437 exsol-

300 2475 532 2532 vuntur;
579 2462 646 2521 fic
664 2478 877 2524 veteres
905 2470 1174 2541 austeres.
1222 2462 1308 2525 sed
1325 2466 1490 2541 gnari·
