<?xml version="1.0" encoding="UTF-8"?>
<!DOCTYPE html PUBLIC "-//W3C//DTD XHTML 1.0 Transitional//EN"
    "http://www.w3.org/TR/xhtml1/DTD/xhtml1-transitional.dtd">
<html xmlns="http://www.w3.org/1999/xhtml" xml:lang="en" lang="en">
 <head>
  <title>
</title>
<meta http-equiv="Content-Type" content="text/html;charset=utf-8" />
  <meta name='ocr-system' content='tesseract 3.04.00' />
  <meta name='ocr-capabilities' content='ocr_page ocr_carea ocr_par ocr_line ocrx_word'/>
</head>
<body>
  <div class='ocr_page' id='page_1' title='image "./ccorneliitaciti05grongoog_0321.png"; bbox 0 0 1759 2992; ppageno 0'>
   <div class='ocr_carea' id='block_1_1' title="bbox 568 110 1404 168">
    <p class='ocr_par' dir='ltr' id='par_1_1' title="bbox 568 110 1404 168">
     <span class='ocr_line' id='line_1_1' title="bbox 568 110 1404 168; baseline -0.005 -6"><span class='ocrx_word' id='word_1_1' title='bbox 568 116 1019 162; x_wconf 71' lang='lat' dir='ltr'><strong>DIALOGUS·</strong></span> <span class='ocrx_word' id='word_1_2' title='bbox 1285 110 1404 168; x_wconf 77' lang='lat'>271</span> 
     </span>
    </p>
   </div>
   <div class='ocr_carea' id='block_1_2' title="bbox 123 195 1411 2512">
    <p class='ocr_par' dir='ltr' id='par_1_2' title="bbox 123 195 1411 2512">
     <span class='ocr_line' id='line_1_2' title="bbox 213 195 1409 273; baseline -0.002 -15"><span class='ocrx_word' id='word_1_3' title='bbox 213 195 475 260; x_wconf 81' lang='lat' dir='ltr'>vieefimo</span> <span class='ocrx_word' id='word_1_4' title='bbox 511 196 703 259; x_wconf 84' lang='lat' dir='ltr'>Caesar</span> <span class='ocrx_word' id='word_1_5' title='bbox 737 198 1078 268; x_wconf 75' lang='lat' dir='ltr'><strong>Dolabellam</strong></span> <span class='ocrx_word' id='word_1_6' title='bbox 1095 238 1117 273; x_wconf 86' lang='lat'>‚</span> <span class='ocrx_word' id='word_1_7' title='bbox 1154 195 1329 258; x_wconf 85' lang='lat' dir='ltr'>altero</span> <span class='ocrx_word' id='word_1_8' title='bbox 1350 212 1409 256; x_wconf 88' lang='lat' dir='ltr'>et</span> 
     </span>
     <span class='ocr_line' id='line_1_3' title="bbox 213 280 1407 353; baseline -0.004 -7"><span class='ocrx_word' id='word_1_9' title='bbox 213 291 353 346; x_wconf 85' lang='lat' dir='ltr'>XX.</span> <span class='ocrx_word' id='word_1_10' title='bbox 390 280 609 344; x_wconf 67' lang='lat' dir='ltr'>Asinius</span> <span class='ocrx_word' id='word_1_11' title='bbox 645 284 823 346; x_wconf 84' lang='lat' dir='ltr'>Pollio</span> <span class='ocrx_word' id='word_1_12' title='bbox 854 289 925 343; x_wconf 85' lang='lat' dir='ltr'>C.</span> <span class='ocrx_word' id='word_1_13' title='bbox 955 290 1247 353; x_wconf 84' lang='lat' dir='ltr'>Catonem,</span> <span class='ocrx_word' id='word_1_14' title='bbox 1287 303 1407 344; x_wconf 90' lang='lat' dir='ltr'>non</span> 
     </span>
     <span class='ocr_line' id='line_1_4' title="bbox 211 368 1411 431; baseline -0.003 -1"><span class='ocrx_word' id='word_1_15' title='bbox 211 368 398 430; x_wconf 81' lang='lat' dir='ltr'>multo</span> <span class='ocrx_word' id='word_1_16' title='bbox 413 384 584 429; x_wconf 87' lang='lat' dir='ltr'>aetate</span> <span class='ocrx_word' id='word_1_17' title='bbox 612 370 940 430; x_wconf 77' lang='lat' dir='ltr'>antecedens</span> <span class='ocrx_word' id='word_1_18' title='bbox 964 371 1170 431; x_wconf 79' lang='lat' dir='ltr'>Calvus</span> <span class='ocrx_word' id='word_1_19' title='bbox 1186 369 1411 430; x_wconf 88' lang='lat' dir='ltr'>Vatini-</span> 
     </span>
     <span class='ocr_line' id='line_1_5' title="bbox 214 453 1408 536; baseline 0.001 -23"><span class='ocrx_word' id='word_1_20' title='bbox 214 476 336 523; x_wconf 87' lang='lat' dir='ltr'>um,</span> <span class='ocrx_word' id='word_1_21' title='bbox 361 456 427 514; x_wconf 78' lang='lat' dir='ltr'>iia</span> <span class='ocrx_word' id='word_1_22' title='bbox 442 458 783 520; x_wconf 62' lang='lat' dir='ltr'>orationibus</span> <span class='ocrx_word' id='word_1_23' title='bbox 806 453 1082 536; x_wconf 86' lang='lat' dir='ltr'>insequuti</span> <span class='ocrx_word' id='word_1_24' title='bbox 1096 454 1241 532; x_wconf 88' lang='lat' dir='ltr'>sunt,</span> <span class='ocrx_word' id='word_1_25' title='bbox 1269 473 1408 535; x_wconf 69' lang='lat' dir='ltr'>quae</span> 
     </span>
     <span class='ocr_line' id='line_1_6' title="bbox 123 540 1405 622; baseline 0 -22"><span class='ocrx_word' id='word_1_26' title='bbox 123 561 157 621; x_wconf 83' lang='lat'><strong>3</strong></span> <span class='ocrx_word' id='word_1_27' title='bbox 172 563 204 620; x_wconf 86' lang='lat'><em>5</em></span> <span class='ocrx_word' id='word_1_28' title='bbox 221 540 500 622; x_wconf 79' lang='lat' dir='ltr'>hodieque</span> <span class='ocrx_word' id='word_1_29' title='bbox 509 563 635 604; x_wconf 80' lang='lat' dir='ltr'>cum</span> <span class='ocrx_word' id='word_1_30' title='bbox 648 540 1002 604; x_wconf 74' lang='lat' dir='ltr'>admiratione</span> <span class='ocrx_word' id='word_1_31' title='bbox 1013 542 1265 621; x_wconf 81' lang='lat' dir='ltr'>legimus.</span> <span class='ocrx_word' id='word_1_32' title='bbox 1325 547 1405 600; x_wconf 88' lang='lat' dir='ltr'>At</span> 
     </span>
     <span class='ocr_line' id='line_1_7' title="bbox 209 627 1404 692; baseline 0.002 -4"><span class='ocrx_word' id='word_1_33' title='bbox 209 645 367 688; x_wconf 85' lang='lat' dir='ltr'>nune</span> <span class='ocrx_word' id='word_1_34' title='bbox 389 627 772 690; x_wconf 77' lang='lat' dir='ltr'>adolescentuli</span> <span class='ocrx_word' id='word_1_35' title='bbox 787 627 960 692; x_wconf 83' lang='lat' dir='ltr'>nostri</span> <span class='ocrx_word' id='word_1_36' title='bbox 978 628 1327 692; x_wconf 87' lang='lat' dir='ltr'>deducuntur</span> <span class='ocrx_word' id='word_1_37' title='bbox 1341 630 1404 690; x_wconf 84' lang='lat' dir='ltr'>in</span> 
     </span>
     <span class='ocr_line' id='line_1_8' title="bbox 209 711 1403 794; baseline 0.002 -23"><span class='ocrx_word' id='word_1_38' title='bbox 209 711 400 774; x_wconf 83' lang='lat' dir='ltr'>scenas</span> <span class='ocrx_word' id='word_1_39' title='bbox 414 712 889 789; x_wconf 74' lang='lat' dir='ltr'>scholasticorum,</span> <span class='ocrx_word' id='word_1_40' title='bbox 917 717 1013 794; x_wconf 84' lang='lat' dir='ltr'>qui</span> <span class='ocrx_word' id='word_1_41' title='bbox 1035 719 1280 776; x_wconf 82' lang='lat' dir='ltr'>rhetores</span> <span class='ocrx_word' id='word_1_42' title='bbox 1298 735 1403 778; x_wconf 81' lang='lat' dir='ltr'>vo·</span> 
     </span>
     <span class='ocr_line' id='line_1_9' title="bbox 210 800 1404 879; baseline -0.004 -15"><span class='ocrx_word' id='word_1_43' title='bbox 210 814 441 864; x_wconf 73' lang='lat' dir='ltr'>canturt</span> <span class='ocrx_word' id='word_1_44' title='bbox 464 821 606 879; x_wconf 80' lang='lat' dir='ltr'>qnos</span> <span class='ocrx_word' id='word_1_45' title='bbox 625 800 808 877; x_wconf 81' lang='lat' dir='ltr'>paullo</span> <span class='ocrx_word' id='word_1_46' title='bbox 824 800 1246 862; x_wconf 75' lang='lat' dir='ltr'>anteGieeronis</span> <span class='ocrx_word' id='word_1_47' title='bbox 1263 816 1404 859; x_wconf 86' lang='lat' dir='ltr'>tem·-</span> 
     </span>
     <span class='ocr_line' id='line_1_10' title="bbox 209 882 1403 964; baseline 0.001 -22"><span class='ocrx_word' id='word_1_48' title='bbox 209 904 350 964; x_wconf 82' lang='lat' dir='ltr'>pora</span> <span class='ocrx_word' id='word_1_49' title='bbox 372 882 645 954; x_wconf 75' lang='lat' dir='ltr'>exstitisse,</span> <span class='ocrx_word' id='word_1_50' title='bbox 683 905 789 946; x_wconf 78' lang='lat' dir='ltr'>nee</span> <span class='ocrx_word' id='word_1_51' title='bbox 820 884 1070 964; x_wconf 79' lang='lat' dir='ltr'>placuiss&#39;e</span> <span class='ocrx_word' id='word_1_52' title='bbox 1103 886 1403 961; x_wconf 77' lang='lat' dir='ltr'>majoribus</span> 
     </span>
     <span class='ocr_line' id='line_1_11' title="bbox 210 968 1407 1048; baseline -0.001 -18"><span class='ocrx_word' id='word_1_53' title='bbox 210 968 437 1037; x_wconf 78' lang='lat' dir='ltr'>nostris,</span> <span class='ocrx_word' id='word_1_54' title='bbox 451 990 522 1032; x_wconf 82' lang='lat' dir='ltr'>ex</span> <span class='ocrx_word' id='word_1_55' title='bbox 534 990 605 1030; x_wconf 83' lang='lat' dir='ltr'>eo</span> <span class='ocrx_word' id='word_1_56' title='bbox 620 968 966 1032; x_wconf 71' lang='lat' dir='ltr'>manifestum</span> <span class='ocrx_word' id='word_1_57' title='bbox 980 968 1077 1046; x_wconf 85' lang='lat' dir='ltr'>est,</span> <span class='ocrx_word' id='word_1_58' title='bbox 1090 968 1244 1048; x_wconf 88' lang='lat' dir='ltr'>quod</span> <span class='ocrx_word' id='word_1_59' title='bbox 1256 977 1407 1029; x_wconf 76' lang='lat' dir='ltr'>Mar·-</span> 
     </span>
     <span class='ocr_line' id='line_1_12' title="bbox 210 1052 1400 1118; baseline -0.002 -1"><span class='ocrx_word' id='word_1_60' title='bbox 210 1075 284 1117; x_wconf 89' lang='lat' dir='ltr'>co</span> <span class='ocrx_word' id='word_1_61' title='bbox 309 1052 503 1117; x_wconf 76' lang='lat' dir='ltr'>Cnffo</span> <span class='ocrx_word' id='word_1_62' title='bbox 521 1070 580 1115; x_wconf 90' lang='lat' dir='ltr'>et</span> <span class='ocrx_word' id='word_1_63' title='bbox 600 1056 859 1118; x_wconf 80' lang='lat' dir='ltr'>Domitio</span> <span class='ocrx_word' id='word_1_64' title='bbox 881 1053 1200 1118; x_wconf 79' lang='lat' dir='ltr'>censoribus</span> <span class='ocrx_word' id='word_1_65' title='bbox 1216 1055 1400 1116; x_wconf 82' lang='lat' dir='ltr'>clude-</span> 
     </span>
     <span class='ocr_line' id='line_1_13' title="bbox 208 1140 1406 1223; baseline -0.001 -21"><span class='ocrx_word' id='word_1_66' title='bbox 208 1161 294 1215; x_wconf 85' lang='lat' dir='ltr'>re,</span> <span class='ocrx_word' id='word_1_67' title='bbox 331 1156 393 1202; x_wconf 88' lang='lat' dir='ltr'>ut</span> <span class='ocrx_word' id='word_1_68' title='bbox 429 1143 508 1203; x_wconf 84' lang='lat' dir='ltr'>ait</span> <span class='ocrx_word' id='word_1_69' title='bbox 533 1143 763 1217; x_wconf 71' lang='lat' dir='ltr'>Cicero,</span> <span class='ocrx_word' id='word_1_70' title='bbox 803 1142 992 1204; x_wconf 89' lang='lat' dir='ltr'>ludum</span> <span class='ocrx_word' id='word_1_71' title='bbox 1032 1140 1406 1223; x_wconf 80' lang='lat' dir='ltr'>impudentiae</span> 
     </span>
     <span class='ocr_line' id='line_1_14' title="bbox 197 1226 1407 1307; baseline 0.001 -20"><span class='ocrx_word' id='word_1_72' title='bbox 197 1227 327 1307; x_wconf 85' lang='lat' dir='ltr'>juffi</span> <span class='ocrx_word' id='word_1_73' title='bbox 349 1226 496 1289; x_wconf 85' lang='lat' dir='ltr'>sunt.</span> <span class='ocrx_word' id='word_1_74' title='bbox 543 1226 631 1290; x_wconf 86' lang='lat' dir='ltr'>sed</span> <span class='ocrx_word' id='word_1_75' title='bbox 649 1242 711 1290; x_wconf 77' lang='lat' dir='ltr'>ut</span> <span class='ocrx_word' id='word_1_76' title='bbox 723 1230 903 1290; x_wconf 81' lang='lat' dir='ltr'>dicere</span> <span class='ocrx_word' id='word_1_77' title='bbox 923 1226 1282 1303; x_wconf 80' lang='lat' dir='ltr'>institueram,</span> <span class='ocrx_word' id='word_1_78' title='bbox 1305 1226 1407 1289; x_wconf 66' lang='lat' dir='ltr'>de-</span> 
     </span>
     <span class='ocr_line' id='line_1_15' title="bbox 204 1312 1406 1395; baseline 0 -21"><span class='ocrx_word' id='word_1_79' title='bbox 204 1314 457 1378; x_wconf 80' lang='lat' dir='ltr'>ducimur</span> <span class='ocrx_word' id='word_1_80' title='bbox 477 1316 539 1375; x_wconf 89' lang='lat' dir='ltr'>in</span> <span class='ocrx_word' id='word_1_81' title='bbox 575 1312 785 1378; x_wconf 74' lang='lat' dir='ltr'>scholas</span> <span class='ocrx_word' id='word_1_82' title='bbox 804 1358 827 1390; x_wconf 94' lang='lat'><strong><em>,</em></strong></span> <span class='ocrx_word' id='word_1_83' title='bbox 861 1317 1065 1395; x_wconf 81' lang='lat' dir='ltr'>quibua</span> <span class='ocrx_word' id='word_1_84' title='bbox 1094 1336 1214 1378; x_wconf 88' lang='lat' dir='ltr'>non</span> <span class='ocrx_word' id='word_1_85' title='bbox 1236 1315 1406 1377; x_wconf 79' lang='lat' dir='ltr'>facile</span> 
     </span>
     <span class='ocr_line' id='line_1_16' title="bbox 206 1398 1404 1479; baseline -0.004 -15"><span class='ocrx_word' id='word_1_86' title='bbox 206 1401 442 1464; x_wconf 80' lang='lat' dir='ltr'>dixerim</span> <span class='ocrx_word' id='word_1_87' title='bbox 466 1415 723 1462; x_wconf 80' lang='lat' dir='ltr'>utrumne</span> <span class='ocrx_word' id='word_1_88' title='bbox 738 1401 899 1464; x_wconf 71' lang='lat' dir='ltr'>locus</span> <span class='ocrx_word' id='word_1_89' title='bbox 914 1399 1050 1479; x_wconf 86' lang='lat' dir='ltr'>ipse,</span> <span class='ocrx_word' id='word_1_90' title='bbox 1075 1423 1147 1462; x_wconf 88' lang='lat' dir='ltr'>an</span> <span class='ocrx_word' id='word_1_91' title='bbox 1176 1398 1404 1464; x_wconf 79' lang='lat' dir='ltr'>eondis-</span> 
     </span>
     <span class='ocr_line' id='line_1_17' title="bbox 206 1484 1399 1567; baseline 0.001 -20"><span class='ocrx_word' id='word_1_92' title='bbox 206 1485 403 1565; x_wconf 86' lang='lat' dir='ltr'>eipu1i‚</span> <span class='ocrx_word' id='word_1_93' title='bbox 433 1506 506 1545; x_wconf 84' lang='lat' dir='ltr'>an</span> <span class='ocrx_word' id='word_1_94' title='bbox 524 1506 697 1561; x_wconf 74' lang='lat' dir='ltr'>genus</span> <span class='ocrx_word' id='word_1_95' title='bbox 714 1484 1012 1548; x_wconf 83' lang='lat' dir='ltr'>studiorum</span> <span class='ocrx_word' id='word_1_96' title='bbox 1026 1487 1152 1567; x_wconf 71' lang='lat' dir='ltr'>plus</span> <span class='ocrx_word' id='word_1_97' title='bbox 1172 1487 1299 1548; x_wconf 82' lang='lat' dir='ltr'>mali</span> <span class='ocrx_word' id='word_1_98' title='bbox 1312 1488 1399 1547; x_wconf 83' lang='lat' dir='ltr'>in·</span> 
     </span>
     <span class='ocr_line' id='line_1_18' title="bbox 206 1569 1408 1651; baseline 0.001 -20"><span class='ocrx_word' id='word_1_99' title='bbox 206 1572 386 1651; x_wconf 72' lang='lat' dir='ltr'>geniis</span> <span class='ocrx_word' id='word_1_100' title='bbox 400 1569 654 1636; x_wconf 81' lang='lat' dir='ltr'>afferant.</span> <span class='ocrx_word' id='word_1_101' title='bbox 698 1592 831 1634; x_wconf 81' lang='lat' dir='ltr'>nam</span> <span class='ocrx_word' id='word_1_102' title='bbox 851 1573 914 1631; x_wconf 89' lang='lat' dir='ltr'>in</span> <span class='ocrx_word' id='word_1_103' title='bbox 936 1572 1068 1633; x_wconf 85' lang='lat' dir='ltr'>loco</span> <span class='ocrx_word' id='word_1_104' title='bbox 1086 1571 1223 1633; x_wconf 85' lang='lat' dir='ltr'>nihil</span> <span class='ocrx_word' id='word_1_105' title='bbox 1242 1585 1408 1634; x_wconf 43' lang='lat' dir='ltr'>reve*</span> 
     </span>
     <span class='ocr_line' id='line_1_19' title="bbox 207 1655 1400 1738; baseline -0.001 -19"><span class='ocrx_word' id='word_1_106' title='bbox 207 1659 442 1734; x_wconf 78' lang='lat' dir='ltr'>tentiae,</span> <span class='ocrx_word' id='word_1_107' title='bbox 470 1655 561 1720; x_wconf 85' lang='lat' dir='ltr'>sed</span> <span class='ocrx_word' id='word_1_108' title='bbox 588 1660 649 1721; x_wconf 87' lang='lat' dir='ltr'>in</span> <span class='ocrx_word' id='word_1_109' title='bbox 673 1677 839 1737; x_wconf 82' lang='lat' dir='ltr'>quem</span> <span class='ocrx_word' id='word_1_110' title='bbox 860 1677 1031 1720; x_wconf 84' lang='lat' dir='ltr'>nemo</span> <span class='ocrx_word' id='word_1_111' title='bbox 1053 1656 1154 1718; x_wconf 82' lang='lat' dir='ltr'>nifi</span> <span class='ocrx_word' id='word_1_112' title='bbox 1176 1659 1400 1738; x_wconf 77' lang='lat' dir='ltr'>imperi·</span> 
     </span>
     <span class='ocr_line' id='line_1_20' title="bbox 208 1742 1401 1825; baseline 0.002 -20"><span class='ocrx_word' id='word_1_113' title='bbox 208 1760 298 1805; x_wconf 78' lang='lat' dir='ltr'>tus</span> <span class='ocrx_word' id='word_1_114' title='bbox 318 1764 493 1824; x_wconf 83' lang='lat' dir='ltr'>aeque</span> <span class='ocrx_word' id='word_1_115' title='bbox 514 1746 706 1810; x_wconf 75' lang='lat' dir='ltr'>intrat.</span> <span class='ocrx_word' id='word_1_116' title='bbox 753 1747 815 1806; x_wconf 85' lang='lat' dir='ltr'>in</span> <span class='ocrx_word' id='word_1_117' title='bbox 841 1742 1230 1825; x_wconf 74' lang='lat' dir='ltr'>eondiscipulis</span> <span class='ocrx_word' id='word_1_118' title='bbox 1254 1744 1401 1807; x_wconf 83' lang='lat' dir='ltr'>nihil</span> 
     </span>
     <span class='ocr_line' id='line_1_21' title="bbox 206 1830 1402 1914; baseline 0 -24"><span class='ocrx_word' id='word_1_119' title='bbox 206 1830 507 1913; x_wconf 56' lang='lat' dir='ltr'>profeant,</span> <span class='ocrx_word' id='word_1_120' title='bbox 527 1851 653 1894; x_wconf 82' lang='lat' dir='ltr'>enm</span> <span class='ocrx_word' id='word_1_121' title='bbox 674 1833 826 1912; x_wconf 83' lang='lat' dir='ltr'>pueri</span> <span class='ocrx_word' id='word_1_122' title='bbox 849 1832 999 1892; x_wconf 83' lang='lat' dir='ltr'>inter</span> <span class='ocrx_word' id='word_1_123' title='bbox 1014 1852 1237 1914; x_wconf 69' lang='lat' dir='ltr'>pueros,</span> <span class='ocrx_word' id='word_1_124' title='bbox 1259 1845 1315 1891; x_wconf 81' lang='lat' dir='ltr'>et</span> <span class='ocrx_word' id='word_1_125' title='bbox 1336 1852 1402 1891; x_wconf 79' lang='lat' dir='ltr'>a-.</span> 
     </span>
     <span class='ocr_line' id='line_1_22' title="bbox 206 1915 1397 1999; baseline 0.002 -21"><span class='ocrx_word' id='word_1_126' title='bbox 206 1915 561 1978; x_wconf 74' lang='lat' dir='ltr'>dolescentuli</span> <span class='ocrx_word' id='word_1_127' title='bbox 595 1920 744 1979; x_wconf 90' lang='lat' dir='ltr'>inter</span> <span class='ocrx_word' id='word_1_128' title='bbox 786 1917 1230 1980; x_wconf 76' lang='lat' dir='ltr'>adolescentulos</span> <span class='ocrx_word' id='word_1_129' title='bbox 1272 1920 1397 1999; x_wconf 81' lang='lat' dir='ltr'>pari</span> 
     </span>
     <span class='ocr_line' id='line_1_23' title="bbox 206 2001 1398 2088; baseline 0.002 -26"><span class='ocrx_word' id='word_1_130' title='bbox 206 2001 491 2064; x_wconf 74' lang='lat' dir='ltr'>securitate</span> <span class='ocrx_word' id='word_1_131' title='bbox 504 2003 692 2088; x_wconf 81' lang='lat' dir='ltr'>dicant</span> <span class='ocrx_word' id='word_1_132' title='bbox 706 2019 761 2065; x_wconf 83' lang='lat' dir='ltr'>et</span> <span class='ocrx_word' id='word_1_133' title='bbox 776 2006 1095 2066; x_wconf 78' lang='lat' dir='ltr'>audiantur.</span> <span class='ocrx_word' id='word_1_134' title='bbox 1139 2002 1281 2083; x_wconf 87' lang='lat' dir='ltr'>ipsae</span> <span class='ocrx_word' id='word_1_135' title='bbox 1295 2024 1398 2064; x_wconf 63' lang='lat' dir='ltr'>ve«</span> 
     </span>
     <span class='ocr_line' id='line_1_24' title="bbox 205 2091 1392 2169; baseline 0.002 -23"><span class='ocrx_word' id='word_1_136' title='bbox 205 2108 275 2147; x_wconf 83' lang='lat' dir='ltr'>ro</span> <span class='ocrx_word' id='word_1_137' title='bbox 300 2091 726 2150; x_wconf 72' lang='lat' dir='ltr'>exercitationes</span> <span class='ocrx_word' id='word_1_138' title='bbox 743 2110 941 2165; x_wconf 83' lang='lat' dir='ltr'>magna</span> <span class='ocrx_word' id='word_1_139' title='bbox 969 2110 1044 2149; x_wconf 84' lang='lat' dir='ltr'>ex</span> <span class='ocrx_word' id='word_1_140' title='bbox 1069 2104 1226 2169; x_wconf 87' lang='lat' dir='ltr'>parte</span> <span class='ocrx_word' id='word_1_141' title='bbox 1252 2109 1392 2148; x_wconf 68' lang='lat' dir='ltr'>con«</span> 
     </span>
     <span class='ocr_line' id='line_1_25' title="bbox 208 2172 1389 2252; baseline 0.002 -21"><span class='ocrx_word' id='word_1_142' title='bbox 208 2176 421 2233; x_wconf 80' lang='lat' dir='ltr'>trariae.</span> <span class='ocrx_word' id='word_1_143' title='bbox 466 2194 666 2252; x_wconf 83' lang='lat' dir='ltr'>nempe</span> <span class='ocrx_word' id='word_1_144' title='bbox 690 2175 841 2232; x_wconf 86' lang='lat' dir='ltr'>enim</span> <span class='ocrx_word' id='word_1_145' title='bbox 863 2172 974 2233; x_wconf 84' lang='lat' dir='ltr'>duo</span> <span class='ocrx_word' id='word_1_146' title='bbox 996 2193 1197 2252; x_wconf 84' lang='lat' dir='ltr'>genera</span> <span class='ocrx_word' id='word_1_147' title='bbox 1213 2187 1389 2233; x_wconf 88' lang='lat' dir='ltr'>mate-</span> 
     </span>
     <span class='ocr_line' id='line_1_26' title="bbox 206 2257 1396 2336; baseline 0.002 -19"><span class='ocrx_word' id='word_1_148' title='bbox 206 2259 406 2318; x_wconf 83' lang='lat' dir='ltr'>riarum</span> <span class='ocrx_word' id='word_1_149' title='bbox 429 2257 577 2335; x_wconf 84' lang='lat' dir='ltr'>apud</span> <span class='ocrx_word' id='word_1_150' title='bbox 599 2262 843 2317; x_wconf 77' lang='lat' dir='ltr'>rhetores</span> <span class='ocrx_word' id='word_1_151' title='bbox 862 2263 1188 2332; x_wconf 57' lang='lat' dir='ltr'>traetantun</span> <span class='ocrx_word' id='word_1_152' title='bbox 1212 2257 1396 2336; x_wconf 68' lang='lat' dir='ltr'>suaso-</span> 
     </span>
     <span class='ocr_line' id='line_1_27' title="bbox 207 2342 1394 2418; baseline 0.003 -15"><span class='ocrx_word' id='word_1_153' title='bbox 207 2344 334 2418; x_wconf 76' lang='lat' dir='ltr'>riae,</span> <span class='ocrx_word' id='word_1_154' title='bbox 376 2356 432 2401; x_wconf 89' lang='lat' dir='ltr'>et</span> <span class='ocrx_word' id='word_1_155' title='bbox 460 2342 881 2406; x_wconf 76' lang='lat' dir='ltr'>controversiae.</span> <span class='ocrx_word' id='word_1_156' title='bbox 935 2346 1095 2403; x_wconf 77' lang='lat' dir='ltr'>exiis</span> <span class='ocrx_word' id='word_1_157' title='bbox 1126 2342 1394 2407; x_wconf 80' lang='lat' dir='ltr'>suasoriae</span> 
     </span>
     <span class='ocr_line' id='line_1_28' title="bbox 208 2428 1394 2512; baseline 0.008 -23"><span class='ocrx_word' id='word_1_158' title='bbox 208 2429 429 2512; x_wconf 83' lang='lat' dir='ltr'>quidem</span> <span class='ocrx_word' id='word_1_159' title='bbox 451 2428 547 2490; x_wconf 84' lang='lat' dir='ltr'>etfi</span> <span class='ocrx_word' id='word_1_160' title='bbox 578 2445 859 2511; x_wconf 82' lang='lat' dir='ltr'>tamquam</span> <span class='ocrx_word' id='word_1_161' title='bbox 881 2429 1044 2512; x_wconf 81' lang='lat' dir='ltr'>plane</span> <span class='ocrx_word' id='word_1_162' title='bbox 1069 2431 1306 2496; x_wconf 72' lang='lat' dir='ltr'>leviores</span> <span class='ocrx_word' id='word_1_163' title='bbox 1330 2448 1394 2499; x_wconf 65' lang='lat' dir='ltr'>et</span> 
     </span>
    </p>
   </div>
  </div>
 </body>
</html>
