1759 2992
398 139 519 201 268
656 158 748 199 nt
789 157 1311 202 ona-rontaus

379 239 619 299 *desidiae
640 257 696 299 et
719 240 1031 300 inscientiae
1051 242 1303 303 adversus
1318 242 1574 304 acerrima

388 340 445 383 et
459 325 826 386 fecundiffima
839 347 1030 386 eorum
1044 326 1215 388 studia
1228 328 1576 389 demonstras·

386 413 461 470 ti:
503 427 681 469 cetera
702 410 979 491 exspee'tO,
1016 428 1079 470 ut
1111 415 1574 490 quemadmodum

385 516 459 556 ex
480 511 534 555 te
549 496 712 555 didici
735 496 869 574 quid
894 512 991 554 aut
1010 498 1089 556 illi
1104 497 1325 575 scirent,
1349 516 1447 560 aut
1467 523 1576 561 nos

384 581 706 656 nesciamus,
735 584 812 640 ita
841 585 949 641 hoc
971 601 1197 661 quoque
1217 587 1578 661 cognoscam,

380 670 582 747 quibus
614 669 1096 728 exercitationibus
1114 670 1351 744 juvenes
1371 672 1492 747 jam
1517 688 1583 732 et

383 754 568 815 forum
591 755 809 833 ingressi
822 755 1141 814 confirmare
1168 771 1226 813 et
1253 756 1390 815 alere
1413 760 1582 834 inge-

387 844 484 901 nia
506 839 599 900 sua
631 842 776 901 soliti
801 839 938 913 fint3
976 862 1154 920 neque
1187 844 1340 901 enim
1372 859 1489 901 arte
1515 860 1580 903 et

387 925 637 1004 scientia,
675 928 764 987 sed
791 927 958 1006 longe
988 928 1161 1005 magis
1181 927 1433 988 facultate
1455 930 1574 988 elo-

386 1018 673 1094 quentiam
684 1017 982 1087 contineri,
1006 1036 1105 1073 nec
1122 1030 1179 1072 tu
1202 1030 1337 1092 puto
1350 1016 1574 1083 abnues,

384 1115 443 1158 et
464 1102 522 1158 hi
549 1099 845 1176 significare
867 1101 1024 1158 vultu
1050 1099 1327 1158 videntur.
1375 1100 1578 1159 deinde

383 1204 509 1243 cum
527 1192 674 1261 Aper
693 1198 748 1241 et
770 1184 1049 1241 Secundus
1075 1184 1216 1241 idem
1233 1185 1579 1261 annuissent,

379 1266 621 1327 Messalla
644 1266 790 1346 quafi
823 1266 1004 1326 rursus
1026 1268 1329 1345 incipiens:
1359 1274 1580 1347 quoni—

380 1372 469 1413 am
491 1347 652 1412 initia
673 1369 727 1412 et
763 1352 965 1414 semina
985 1356 1184 1411 veteris
1216 1354 1579 1432 eloquentiae

382 1437 512 1498 satis
527 1438 904 1500 demonstrasse
931 1438 1142 1514 videor,
1165 1439 1422 1500 docendo
1447 1447 1573 1520 qui·

376 1528 488 1587 bus
505 1530 713 1587 artibus
733 1528 947 1605 antiqui
967 1542 1213 1585 oratores
1229 1525 1430 1586 institui
1449 1549 1571 1586 eru-

384 1612 604 1692 dirique
627 1612 769 1673 soliti
790 1612 931 1672 fintz
972 1611 1259 1691 persequar
1297 1634 1446 1673 nunc
1471 1631 1569 1672 ex-

383 1702 763 1759 ercitationem
801 1717 1024 1772 eorum:
1071 1720 1398 1779 quamquam
1444 1698 1571 1777 ipfis

382 1787 594 1865 artibus
617 1785 752 1843 inest
772 1786 1095 1843 exercitatio
1110 1826 1128 1856 ,
1161 1806 1263 1843 nec
1286 1783 1570 1864 quisquam

382 1873 661 1950 percipere
682 1886 765 1929 tot
787 1869 1099 1930 reconditas
1125 1887 1219 1928 aut
1245 1887 1353 1932 tam
1393 1874 1570 1931 varias

383 1976 472 2016 res
488 1955 680 2034 potest,
693 1954 790 2014 nifi
804 1972 863 2014 ut
881 1954 1129 2028 scientiae
1139 1956 1446 2030 meditatio,
1458 1977 1570 2015 me·

386 2043 643 2103 ditationi
657 2042 908 2115 facultas,
935 2041 1176 2101 facultati
1198 2045 1283 2102 vis
1302 2043 1571 2122 eloquen-

387 2132 496 2189 tiae
510 2129 761 2200 accedat3
779 2148 876 2208 per
889 2148 1029 2207 quae
1039 2127 1316 2204 colligitur
1327 2128 1572 2197 eamdem

386 2215 490 2276 effe
505 2218 794 2284 rationem,
817 2231 872 2273 et
890 2215 1216 2293 percipiendi
1233 2234 1372 2293 quae
1388 2214 1573 2293 profe·

354 2355 361 2362 Α
388 2322 500 2374 ras,
530 2318 584 2359 et
603 2301 916 2377 proferendi
937 2320 1079 2380 quae
1102 2304 1442 2380 perceperis;
1478 2299 1569 2360 sed

350 2425 357 2430 -
383 2384 422 2442 fi
450 2390 538 2447 cui
569 2389 882 2447 obscuriora
922 2391 1052 2445 haec
1088 2386 1379 2461 videntur,
1415 2385 1573 2464 isque

364 2468 659 2534 ‘scientiam
703 2476 768 2534 ab
803 2474 1193 2535 exercitatione
1228 2472 1465 2555 separat,
1510 2472 1593 2533 id*
