1759 2992
365 104 928 179 αιςτοιιᾼιυιῖι
965 137 1093 178 mn.
1129 138 1221 179 ιν.
1323 117 1409 199 69

220 219 404 297 jecere
420 220 517 298 qui
538 217 670 277 mim
687 233 867 294 erant,
902 219 1212 298 exemplum
1231 217 1406 278 snum.

128 305 226 367 60
237 302 486 365 Obsessos
507 306 640 363 hinc
660 302 818 378 fides,
865 307 997 364 inde
1017 303 1236 381 egestas,
1269 307 1414 364 inter

225 390 393 452 decus
406 412 468 450 ac
480 391 744 467 flagitium
758 389 1413 450 distrahebantoeunetan·

225 479 378 536 tibus
392 475 545 537 solita
558 473 882 554 insolitaque
894 476 1149 536 alimenta
1163 476 1387 538 deerant
1403 494 1426 548 ς

227 560 522 641 absumptis
540 562 807 639 jumentis
829 562 1115 642 equisque,
1141 578 1198 622 et
1220 562 1416 622 ceteris

227 649 580 721 anImalibua,
627 667 767 728 quae
796 647 1027 727 profana
1049 647 1320 727 foedaque
1354 647 1418 705 in

226 731 382 794 usum
397 733 670 795 necessitaa
686 736 873 794 vertit.
897 734 1132 812 virgulta
1144 733 1417 813 postremo

226 832 288 880 et
309 819 497 900 stirpes
519 834 576 877 et
598 823 899 879 internatas
923 819 1063 878 saxis
1084 821 1281 879 herbas
1300 818 1418 877 vel-

225 905 431 971 lentes,
476 901 804 962 miseriarum
828 906 1227 982 patientiaeque
1250 903 1421 962 docu-

229 1003 486 1050 mentum
504 985 651 1046 fuere
666 1008 684 1045 t
723 987 904 1048 donee
917 990 1186 1065 egregiam
1204 987 1420 1046 laudem

226 1074 345 1135 fine
359 1074 506 1153 turpi
522 1072 875 1143 macularent,
914 1073 1074 1134 missis
1099 1071 1168 1133 ad
1191 1071 1422 1133 Civilem

226 1161 424 1239 legatis
439 1161 609 1221 vitam
628 1174 864 1219 orantes.
891 1181 1071 1241 neque
1087 1175 1217 1219 ante
1228 1177 1418 1241 preces

229 1245 503 1322 admissae,
547 1266 713 1326 quam
736 1250 794 1307 in
821 1250 985 1308 verba
1009 1246 1303 1307 Galliarum
1323 1246 1421 1323 ju-

230 1349 444 1393 rarent.
487 1347 605 1392 tum
620 1337 805 1411 paetus
826 1333 1080 1413 praedam
1096 1331 1420 1405 castrorum,

232 1418 330 1477 dat
370 1416 642 1485 custodes,
686 1421 784 1494 qui
821 1420 1131 1496 pecuniam,
1171 1419 1422 1489 calones,

237 1501 484 1571 sarcinas
508 1514 859 1574 retentarent,
899 1517 1064 1574 atque
1094 1500 1243 1578 ipsos
1274 1502 1424 1560 leves

237 1589 509 1646 abeuntes
541 1582 1021 1663 prosequerentur.
1067 1585 1135 1644 ad
1166 1588 1426 1664 quintum

232 1672 352 1734 fere
369 1668 605 1750 iapidem
627 1673 807 1731 coorti
827 1671 1104 1740 Germani,
1144 1672 1423 1731 incautum

233 1778 435 1837 agmen
447 1756 801 1833 aggrediuntu
809 1756 1264 1837 r.pugnaciffimus
1274 1755 1422 1839 quis·

164 1886 172 1897 ·
231 1840 707 1924 queinvestigio;
752 1845 912 1905 multi
929 1843 1421 1925 palantesoccubu·
1491 1888 1496 1892 -
1622 1848 1626 1854 '

231 1949 358 2001 ere3
403 1930 571 1990 ceteri
603 1943 751 1988 retro
783 1933 839 1990 in
871 1930 1039 1992 castra
1073 1931 1423 2010 profugiunt,

234 2029 497 2095 querente
522 2011 644 2074 sane
665 2017 839 2078 Civile
859 2033 915 2076 et
937 2019 1255 2096 increpante
1280 2023 1423 2075 Ger-

233 2120 457 2172 manos,
486 2099 507 2132 ‘
537 2115 814 2179 tamquam
836 2102 1000 2162 fidem
1024 2122 1120 2178 per
1135 2100 1308 2159 scelus
1327 2104 1422 2158 ab·

234 2192 255 2221 ⁴
279 2188 632 2264 rumperent?
662 2185 907 2246 fimulata
920 2206 981 2244 ea
996 2183 1222 2257 fuerint,
1250 2203 1323 2242 an
1341 2203 1430 2242 re·

231 2274 413 2331 tinere
435 2269 733 2332 saevientes
755 2270 1087 2348 nequiverit,
1135 2288 1326 2347 parum
1344 2268 1424 2331 af-

231 2357 502 2417 firmatur.
540 2355 769 2434 direptis
785 2353 967 2416 eastris
984 2353 1128 2415 faces
1144 2355 1423 2432 injiciunt.

233 2439 569 2526 cunctosque
581 2442 676 2525 qui
693 2441 906 2524 proelio
921 2439 1320 2527 superfuerant,
1338 2443 1425 2505 in·
