1759 2992
100 1 145 6 γ,
162 1 193 4 -
210 1 217 4 .
242 0 469 13 '*⁷*vv-w

400 137 1165 205 Juniraoarcssvnm.
1264 152 1375 213 193

182 236 517 306 ‘Britanniae
534 251 876 313 comparetur
898 234 1190 311 augustinia,
1214 232 1382 292 nostri

193 323 372 384 maris
391 318 591 378 insulas
611 319 835 396 superat.
880 318 1051 378 solum
1069 318 1385 395 caelumque

204 404 782 483 etingeniacultusque
795 407 1078 463 hominum
1091 403 1386 461 haudmul·

194 504 326 547 tum
361 510 392 546 a
412 491 693 548 Britannia
715 488 1017 560 differunt3
1052 487 1244 547 melius
1270 487 1384 545 adi-

205 589 296 632 tus
320 574 613 653 portusque
636 593 737 651 ‘per
752 576 1078 634 commercia
1092 588 1146 631 et
1174 574 1385 649 negoti-

204 677 388 720 atores
426 662 658 735 cogniti.
720 660 977 736 Agricola
1004 657 1282 738 expulsum
1310 655 1386 715 se-

204 743 418 803 ditione
439 743 722 803 domestica
742 765 912 803 unum
937 764 1006 802 ex
1035 745 1228 818 regulis
1250 764 1388 819 gen-

205 831 279 887 tis
299 844 607 906 exceperat,
629 850 691 886 ac
714 829 885 907 specie
914 829 1183 886 amicitiae
1205 830 1265 884 in
1291 847 1390 885 oe-

194 912 473 973 cafionem
491 916 774 971 retinebat.
821 913 976 989 saepe
1000 932 1069 968 ex
1087 931 1155 968 eo
1180 910 1391 982 audivi,
1419 959 1424 968 .

194 998 423 1072 legione
439 1017 548 1055 una
566 1012 619 1054 et
638 997 870 1055 modicis
896 995 1112 1054 auxiliis
1137 994 1392 1053 debellari

207 1083 554 1160 obtinerique
580 1083 897 1139 Hiberniam
928 1077 1092 1159 posse.
1148 1080 1308 1158 idque
1331 1099 1390 1137 e-

209 1171 341 1226 tiam
377 1165 631 1225 adversus
655 1168 985 1225 Britanniam
1020 1164 1390 1243 profuturum,

198 1252 247 1313 'fi
265 1258 512 1310 Romana
534 1254 736 1328 ubique
759 1273 929 1326 arma,
954 1266 1008 1310 et
1031 1252 1182 1309 velut
1204 1272 1233 1309 e
1256 1270 1390 1311 con·

128 1358 164 1401 2
175 1356 207 1412 5
225 1336 395 1416 speetu
414 1336 632 1395 libertas
650 1338 948 1396 tolleretur.
1012 1341 1264 1395 Ceterum
1281 1335 1390 1394 aes—

209 1438 324 1479 tate
360 1440 469 1497 qua
491 1420 697 1480 {extum
737 1422 903 1480 officii
925 1440 1131 1479 annum
1169 1423 1392 1479 inchoa·

200 1508 335 1571 ·bat‚
374 1505 575 1580 amplas
606 1506 849 1563 civitates
879 1521 1038 1562 trans
1074 1505 1390 1563 Bodotriam

212 1589 362 1662 litas,
377 1590 506 1665 quia
522 1603 704 1646 motus
722 1586 1085 1646 universarum
1099 1589 1241 1646 ultra
1255 1609 1392 1666 gen-

202 1677 373 1746 tium,
398 1688 450 1730 et
467 1673 651 1732 infesta
668 1671 842 1731 hostili
859 1676 1094 1730 exercitu
1114 1676 1307 1730 itinera
1325 1675 1393 1732 ti-

209 1762 520 1830 mebantur,
545 1761 694 1839 prius
713 1757 868 1816 classe
891 1758 1197 1836 exploravit
1213 1779 1231 1816 ε
1253 1776 1392 1837 quae
1480 1811 1485 1816 .

207 1848 279 1903 ab
299 1845 550 1921 Agricola
570 1847 804 1923 primum
825 1842 1084 1923 assumpta
1104 1847 1161 1903 in
1184 1859 1392 1923 partem

209 1932 436 1999 virium,
452 1929 783 2008 sequebatur
805 1931 1015 2005 egregia
1049 1930 1235 2007 specie,
1267 1948 1392 1988 curn

206 2014 366 2075 fimul
386 2029 528 2073 terra
550 2013 702 2073 fimul
726 2016 855 2072 mari
873 2014 1070 2072 bellum
1092 2014 1391 2090 impellere-

212 2115 336 2159 turz
362 2119 424 2156 ac
448 2098 598 2176 saepe
621 2092 806 2156 iisdem
822 2097 1002 2157 castris
1022 2098 1182 2174 pedes
1204 2094 1391 2174 eques-

215 2203 324 2263 que
340 2198 396 2239 et
409 2186 656 2239 nauticus
679 2182 836 2240 miles
851 2184 1011 2238 mixti
1030 2183 1201 2258 copiis
1216 2197 1269 2237 et
1286 2180 1393 2237 lae-

217 2270 361 2334 titia,
385 2263 475 2324 sua
489 2263 714 2343 quisque
727 2264 889 2330 faeta,
915 2263 1040 2322 suos
1066 2262 1216 2321 casus
1232 2262 1394 2321 attol-

213 2354 421 2413 lerentz
452 2371 516 2409 ac
539 2349 707 2406 modo
730 2349 748 2380 ⁴
766 2346 1016 2407 filvarum
1041 2366 1094 2405 et
1123 2350 1396 2408 montium
1485 2427 1490 2432 ι

220 2434 554 2579 θρῖἕῑυηάει,
583 2433 748 2493 modo
774 2433 1148 2579 teimpestatum
1170 2454 1234 2494 ae
1265 2434 1396 2494 fluc-

371 2537 621 2582 om.1v.
