1759 2992
596 32 621 53 X

346 173 919 222 ”areanum
960 174 1095 217 mn.
1115 175 1200 216 v
1283 165 1414 235 1051

211 259 271 321 in
299 262 507 339 quibus
532 259 660 318 urbs
687 272 744 317 'et
768 257 1027 336 templum
1050 255 1228 315 dicata
1251 253 1422 314 sunt.

172 369 208 426 4
225 345 410 404 Moses
440 363 554 421 quo
578 342 711 402 fibi
693 364 753 402 m
777 344 1045 423 posterum
1070 357 1286 417 gentem
1309 339 1397 398 fir·

210 444 420 500 maret;
470 449 648 489 novos
673 431 832 505 ritus,
867 425 1287 504 contrariosque
1310 447 1399 484 ee-
1416 464 1421 471 -

209 518 345 574 teris
373 516 717 589 mortalibus,
757 515 978 575 indidit.
1027 511 1258 592 profana
1284 511 1400 571 illic

209 603 422 668 omnia,
463 619 602 679 quae
641 602 784 679 apud
821 620 930 660 nos
960 598 1134 660 stera:
1184 595 1420 657 rursum}

208 685 456 747 concessa
478 686 619 765 apud
639 690 786 755 illos,
823 706 966 766 quae
994 687 1153 744 nobis
1177 683 1396 744 incesta.

205 772 410 848 effigies
434 773 707 843 animalis,
745 792 861 850 quo
892 770 1222 829 monstrante
1241 790 1418 827 erro--

207 877 321 914 rem
357 856 612 931 fitimque
652 856 997 932 depulerant,
1032 853 1294 932 penetrali
1318 853 1421 912 sa·-

210 959 464 999 cravere:
501 937 656 996 caeso
673 942 857 1011 ariete,
875 941 1099 996 velutin
1120 951 1420 995 commune--

212 1025 341 1084 liam
371 1025 728 1082 Hammonis,
774 1026 881 1082 bos
903 1042 1128 1101 quoque
1152 1023 1416 1080 immola-·

212 1125 324 1181 tur,
366 1129 531 1187 quem
569 1112 811 1189 AEgyptii
855 1113 1005 1186 Apin
1050 1109 1260 1167 colunt.
1308 1106 1416 1166 sue'

208 1195 496 1263 abstinent,
540 1198 800 1254 memoria
837 1196 1028 1266 cladis,
1070 1194 1220 1274 quod
1250 1191 1397 1273 ipsos

206 1279 405 1341 scabies
424 1281 700 1360 quondam
729 1296 1065 1361 turpaverat,
1090 1286 1178 1339 cui
1201 1281 1255 1339 id
1279 1282 1412 1337 ani·-

208 1367 316 1424 mal
350 1369 679 1425 obnoxium.
741 1368 966 1444 longam
1006 1367 1139 1425 olim
1169 1365 1388 1435 famem,

211 1453 410 1509 crebris
439 1452 611 1509 adhuc
629 1452 858 1528 jejuniis
892 1452 1151 1510 fatentur.
1197 1466 1251 1509 et
1274 1468 1416 1528 rap-2

211 1552 389 1593 tarum
424 1533 642 1610 frugum
676 1552 1079 1611 argumentum,
1123 1538 1275 1612 panis
1298 1543 1397 1609 Ju-

207 1620 395 1681 daicus
424 1620 582 1678 nullo
604 1619 900 1692 fer-mento,
933 1624 1154 1678 retinet.
1200 1623 1217 1651 ‘
1237 1618 1414 1698 septi--

207 1713 225 1740 ‘
248 1728 342 1766 mo
361 1705 448 1766 die
465 1708 641 1765 otium
666 1704 917 1785 placuiffe
934 1707 1119 1765 ferunt
1134 1727 1152 1763 ε
1192 1707 1321 1784 quia
1345 1707 1417 1767 is.

205 1793 225 1825 ‘
252 1792 414 1852 finem
434 1795 686 1853 laborum
705 1792 909 1861 tulerit,
940 1794 1066 1851 dein
1084 1792 1404 1852 blandiente

202 1880 223 1912 ‘
245 1881 461 1953 inertia,
495 1877 781 1957 septimum
812 1900 1035 1959 quoque
1076 1899 1280 1937 annum
1311 1882 1425 1956 ig-.

201 1964 221 1996 ‘
246 1969 437 2024 naviae
464 1964 675 2025 datum.
724 1964 816 2024 alii
848 1969 1117 2024 honorem
1148 1985 1272 2023 eum
1302 1972 1404 2021 Sa·-

202 2049 222 2081 ‘
245 2065 416 2108 turno
432 2051 647 2108 haberi:
702 2050 789 2109 seu
810 2053 1086 2128 principia
1109 2050 1404 2124 religionis·

207 2134 227 2166 ‘
253 2133 590 2192 tradentibus
618 2134 819 2207 Idaeis,
858 2154 1004 2211 quos
1018 2154 1143 2191 cum
1157 2142 1408 2192 Saturna

206 2219 227 2251 ‘
250 2216 461 2296 pulsos»,
474 2231 529 2276 et
542 2217 857 2288 conditores
870 2219 1052 2292 gentis
1066 2222 1400 2294 accepimuS,

206 2305 225 2337 ‘
251 2301 341 2362 seu
361 2304 512 2381 quod
527 2322 557 2361 e
580 2301 781 2381 septem
800 2301 1078 2376 fidet-ibus,
1107 2307 1230 2380 quis
1246 2323 1395 2361 mor·
1417 2348 1422 2353 .

202 2391 222 2423 ‘
253 2387 387 2449 tales
415 2405 699 2464 reguntur,
737 2387 985 2447 altissimo
1010 2391 1141 2446 orbe
1168 2404 1220 2446 et
1247 2410 1395 2467 prae-

204 2477 223 2509 ‘
245 2480 404 2555 cipua
417 2478 664 2557 potentia
683 2473 827 2535 stella
842 2473 1272 2539 Saturniferatur
1289 2499 1307 2535 z
1332 2498 1410 2547 ac,
1439 2508 1444 2513 -
