1759 2992
345 123 467 196 276
599 143 693 185 na
731 141 1257 189 eustosinus

340 222 507 297 Milo,
534 239 591 282 et
622 232 848 301 Verres,
885 242 943 285 et
967 228 1253 286 Antonius
1279 226 1419 285 hane
1441 225 1525 285 illi

340 307 542 368 famam
559 311 1060 372 circumdederunt:
1091 331 1205 373 non
1229 313 1359 390 quia
1378 314 1528 371 tanti

338 395 443 456 fuit
467 400 538 453 R.
563 401 626 454 P.
647 396 821 457 malos
844 397 985 456 ferre
1012 404 1184 472 cives,
1223 413 1286 456 ut
1307 400 1533 458 uberem

340 480 411 542 ad
445 480 733 541 dicendum
766 485 1051 541 materiam
1087 498 1332 543 oratores
1367 485 1534 543 habe-

342 580 497 625 rentz
535 563 649 638 sed,
677 581 739 624 ut
759 564 982 625 subinde
1010 567 1311 639 admoneo,
1341 568 1537 646 quaes-

341 653 514 711 tionis
559 653 999 720 meminerimus,
1039 650 1375 730 sciamusque
1420 674 1538 714 nos

343 737 412 798 de
432 757 496 796 ea
527 757 587 797 re
611 737 791 818 loqui,
817 757 958 815 quae
979 737 1191 798 facilius
1213 737 1445 799 turbidis
1469 755 1538 798 et

349 825 614 902 inquietis
635 826 970 905 temporibus
1004 823 1225 885 exstitit.
1288 826 1416 903 quis
1446 827 1539 902 ig-

349 927 518 972 norat
551 912 741 970 utilius
777 931 841 970 ac
879 910 1074 970 melius
1113 909 1215 971 else
1235 909 1344 970 frui
1379 931 1539 988 pace,

350 1017 516 1076 quam
539 997 687 1056 bello
708 998 931 1057 vexari?
959 997 1140 1075 plu‘res
1157 1014 1334 1058 tamen
1355 999 1538 1057 bonos

347 1082 709 1163 proeliatores
729 1082 868 1141 bella
889 1103 1050 1159 quam
1074 1103 1186 1160 pax
1205 1083 1411 1142 ferunt.
1470 1080 1540 1142 fi-

347 1169 493 1226 milis
528 1167 873 1244 eloquentiae
908 1167 1183 1227 conditio.
1248 1188 1377 1226 nam
1418 1189 1541 1246 quo

344 1251 551 1327 saepius
576 1250 782 1308 steterit
806 1262 1093 1328 ,tamquam
1117 1253 1178 1310 in
1219 1254 1354 1324 acie,
1387 1271 1540 1329 quo·

344 1355 454 1416 que
476 1334 658 1414 plures
692 1351 751 1394 et
772 1334 1185 1395 intuleritielus
1210 1352 1267 1396 et
1304 1356 1540 1415 excepe-

347 1424 422 1481 rit
440 1464 459 1496 ‚
501 1442 616 1500 quo
646 1421 826 1498 major
849 1419 1225 1497 adversarius,
1263 1442 1331 1485 eo
1354 1426 1539 1484 acrior

349 1512 449 1589 qui
467 1528 678 1588 pugnas
695 1506 789 1567 fibi
805 1506 1016 1587 asperas
1031 1506 1396 1589 desumpserit,
1414 1523 1537 1568 tau-

352 1612 417 1656 to
454 1596 617 1654 altior
650 1610 706 1654 et
743 1592 1009 1656 excelsior
1040 1610 1097 1654 et
1132 1593 1239 1655 illis
1281 1593 1538 1656 nobilita-

352 1697 444 1741 tus
484 1682 827 1749 criminibus,
866 1683 927 1740 in
957 1701 1054 1740 ore
1086 1682 1371 1740 hominum
1398 1681 1536 1756 agit,

351 1786 588 1844 quorum
611 1787 673 1826 ea
708 1781 906 1825 natura
924 1764 998 1825 est
1021 1781 1083 1824 ut
1105 1765 1291 1825 secura
1327 1766 1534 1826 nolint.

348 1849 605 1910 Transeo
633 1851 700 1909 ad
731 1850 964 1910 formam
989 1865 1045 1907 et
1073 1849 1530 1911 consuetudinem
1549 1846 1619 1921 38
1709 1847 1710 1854 ’

348 1936 937 2012 veterumjudiciorum
952 1956 970 1993 s
988 1955 1129 2012 quae
1141 1949 1197 1993 et
1211 1932 1247 1993 fi
1264 1955 1415 1996 nunc
1440 1958 1543 2015 ap-

349 2027 462 2083 tior
481 2020 554 2082 est
583 2024 617 2060 ²¹¹¹
633 2024 708 2082 ita
724 2025 832 2079 erit
853 2020 1188 2099 eloquentia,
1220 2036 1382 2081 tanto
1400 2022 1538 2083 illud

352 2110 536 2170 forum
568 2110 741 2187 magis
764 2110 1086 2182 exercebat,
1129 2109 1188 2166 in
1216 2127 1329 2186 quo
1369 2129 1536 2169 nemo

353 2198 503 2255 intra
533 2196 861 2276 paucissimas
897 2196 1059 2253 horas
1097 2214 1349 2271 perorare
1372 2214 1535 2271 coge·

353 2284 536 2354 batur,
560 2297 617 2340 et
638 2281 835 2341 liberae
855 2278 1461 2361 comperendinationes
1480 2301 1535 2339 e·

355 2379 505 2437 rant,
526 2381 581 2424 et
601 2367 823 2425 modum
849 2365 1063 2424 dicendi
1086 2364 1177 2423 fibi
1198 2362 1424 2443 quisque
1448 2364 1535 2424 su-

349 2451 553 2526 mebat,
579 2467 632 2509 et
649 2471 909 2514 numerus
925 2471 1106 2531 neque
1130 2449 1338 2513 dierum
1355 2470 1535 2529 neque
