1759 2992
375 143 503 189 200
571 141 630 184 C·
659 143 1031 184 conniti-11
1069 143 1352 186 TActrt

368 225 389 258 ‘
413 225 607 288 sumite
649 228 893 285 animum
912 268 933 299 ,
976 240 1087 285 tam
1133 227 1328 304 quibus
1364 223 1509 286 salus
1523 266 1546 299 ,

367 307 389 340 ‘
412 329 575 389 qnam
595 313 793 390 quibus
811 311 986 387 gloria
1003 311 1258 369 cariffima
1288 310 1381 370 est.
1424 311 1552 370 Bri-

368 400 386 426 ‘
411 411 607 473 gantez
638 394 842 455 [cunina
878 396 1035 469 duce,
1075 415 1302 455 exurere
1330 395 1550 454 coloni·

366 485 387 511 ‘
410 499 499 540 am
518 522 535 548 ‚
573 500 886 558 expugnare
910 479 1114 552 castra;
1160 501 1224 542 ac
1247 481 1344 540 nifi
1370 478 1551 539 felici-

367 570 386 597 ‘
409 579 495 623 tas
516 565 574 622 in
596 563 899 625 socordiam
921 564 1153 624 vertisset
1170 608 1191 633 ,
1230 585 1425 624 exuere
1451 565 1551 640 ju·
1647 571 1654 576 '

363 648 389 682 ‘
408 669 538 725 gum
562 664 820 727 potuere:
853 671 957 709 nos
975 652 1173 728 integri
1183 666 1242 711 et
1262 648 1552 722 indomiti,

363 733 386 767 4
406 749 467 792 et
487 732 795 794 libertatem
814 738 1010 794 nonin
1034 732 1322 814 praesentia
1351 736 1548 807 laturi,

364 817 388 854 4
413 819 593 897 primo
626 820 806 880 statim
836 819 1119 897 congreffu
1152 840 1269 879 nou
1297 817 1555 878 ostenda-

365 904 387 938 4
411 924 535 964 mus
559 925 704 984 quos
725 904 820 967 fibi
836 904 1138 968 Caledonia
1159 907 1312 965 viros
1333 901 1553 982 seposu-

366 989 390 1022 ‘
413 992 519 1048 erit
539 991 561 1047 ἰ
652 998 746 1050 An
760 991 1004 1051 eamdem
1019 991 1283 1049 Romanis
1312 990 1373 1047 in
1395 988 1542 1047 bello
1559 1011 1590 1069 3
1605 1012 1640 1053 2

367 1074 388 1107 ‘
411 1077 693 1146 virtutem,
721 1094 885 1151 quam
916 1076 976 1133 in
998 1094 1127 1152 pace
1152 1073 1425 1132 lasciviam
1451 1074 1555 1132 ad-

367 1158 388 1189 ‘
410 1156 513 1215 effe
528 1158 783 1215 creditis?
814 1156 1011 1215 nostris
1033 1157 1109 1213 illi
1135 1154 1556 1215 diffinfionibus

363 1240 386 1271 4
411 1261 471 1297 ac
485 1238 764 1298 discordiis
782 1239 931 1310 clari,
948 1241 1078 1298 vitia
1094 1239 1325 1297 hostium
1340 1241 1399 1297 in
1421 1239 1557 1314 glo-

361 1325 387 1356 4
409 1325 545 1383 riam
560 1326 831 1383 exercitus
849 1322 928 1381 sui
951 1339 1169 1383 vertunt
1183 1346 1200 1381 z
1225 1342 1390 1402 quem
1406 1343 1556 1383 con-

362 1409 384 1442 ‘
408 1413 631 1469 uastum
644 1430 717 1468 ex
729 1406 1081 1469 diverfiffimis
1095 1410 1376 1485 gentibus»,
1387 1423 1450 1467 ut
1466 1408 1550 1468 se-

366 1496 393 1541 ‘-
413 1494 623 1555 eundae
653 1515 739 1554 res
757 1512 973 1566 tenent,
995 1497 1070 1553 ita
1091 1492 1339 1554 adverfiie
1360 1492 1560 1554 diff01··

371 1580 392 1613 ‘
416 1595 578 1653 vent;
609 1580 707 1639 nisi
737 1578 777 1638 fi
805 1579 997 1640 Gallos
1017 1623 1035 1653 ,
1067 1595 1123 1638 et
1144 1586 1467 1651 Germanos,
1488 1596 1547 1638 et

367 1667 388 1698 ‘
410 1665 608 1743 (pudet
637 1667 814 1740 dista)
845 1667 1234 1724 Britannorum
1260 1662 1554 1743 plerosque·

368 1750 389 1784 4
412 1751 780 1810 dominationi
802 1750 1009 1808 alienae
1041 1748 1358 1825 sanguinem
1388 1769 1543 1807 com·

365 1834 387 1867 ‘
413 1834 718 1906 modantes,
745 1835 951 1892 diutius
973 1848 1152 1891 tamen
1178 1833 1352 1893 hostes
1374 1852 1539 1912 quam

366 1918 387 1950 ‘
408 1916 617 1990 servos,
655 1916 760 1975 fide
786 1933 843 1975 et
873 1916 1067 1975 affectu
1098 1921 1273 1977 teneri
1301 1920 1499 1997 putatis
1518 1939 1538 1975 ε

368 2003 397 2056 4.
411 2018 585 2062 metus
602 2017 655 2060 et
670 2017 847 2063 terror
870 2001 965 2076 est,
983 2000 1201 2061 infirma
1219 2002 1437 2063 vincula
1451 2023 1539 2061 ca-

370 2090 612 2155 ‘‚ritatis,
635 2107 775 2165 quae
789 2090 881 2147 ubi
904 2089 1220 2161 removeris,
1246 2090 1341 2167 qui
1357 2089 1543 2146 timere

368 2174 391 2206 4
414 2170 681 2241 deflerim,
712 2172 1174 2251 odiflkincipienr.
1223 2173 1410 2230 omnia
1425 2175 1539 2232 vic·

370 2263 392 2296 ‘
414 2260 587 2316 toriae
638 2259 984 2317 incitamenta
1026 2276 1129 2334 pro
1174 2258 1334 2316 nobis
1378 2253 1535 2317 sunt:

367 2338 388 2371 4
410 2340 591 2398 nullae
607 2347 890 2406 Romanos
915 2342 1177 2416 conjuges
1194 2340 1495 2407 accendunt
1514 2362 1535 2397 =

363 2423 382 2480 ⁶.
394 2422 532 2486 nulli
546 2440 795 2503 parentes
807 2425 991 2503 fugam
1003 2427 1379 2506 exprobraturi
1397 2421 1537 2490 surm
