1759 2992
348 112 455 172 -66
567 131 626 173 c.
660 132 1046 173 οοκκειιι
1084 131 1382 174 τΑειτι·

274 264 275 267 ,
360 213 498 273 ‘det
542 215 886 294 miseretque,
938 214 1196 279 adversus
1240 236 1381 295 quos
1425 233 1556 275 non

357 300 380 334 ‘
405 301 673 380 proelium
690 317 744 361 et
759 305 901 363 acies
915 318 1202 381 parantum
1229 303 1285 362 id
1300 304 1446 362 enim
1466 302 1555 361 fas

361 387 383 420 ‘
407 406 711 459 armorum,
747 404 806 455 et
824 389 921 466 jus
940 387 1171 468 hostium
1196 388 1301 460 est;
1345 388 1556 448 bellum

362 477 381 504 ‘
405 493 529 534 cum
543 474 751 553 populo
761 481 1016 534 Romano
1029 474 1216 533 vestris
1228 473 1278 532 se
1290 477 1555 534 manibus

346 558 381 608 -‘
401 558 671 636 gesturum
705 560 953 618 Clafficus
977 560 1182 635 speratz
1228 564 1555 638 imperium-

359 645 379 678 ‘
405 664 512 723 que
543 660 599 703 et
621 642 1011 705 sacramentum
1036 645 1329 704 Galliarum
1360 643 1551 703 osten-

357 728 379 763 ‘
404 745 504 790 tat.
566 731 701 791 adeo
725 753 852 801 nos,
886 730 935 791 'fi
963 731 1188 792 fortuna
1209 733 1268 789 in
1294 729 1549 810 praesens

357 814 379 849 ‘
404 815 681 895 virtusque
701 817 953 890 deseruit,
974 820 1133 878 etiam
1157 833 1340 877 vetera
1357 836 1552 876 exem-

359 901 381 935 ‘
408 904 497 983 pla
512 903 796 979 deficiunt,
811 907 1072 984 quotiens
1085 909 1363 963 Romanae
1377 903 1558 980 legio·
1591 935 1598 939 ·

344 987 382 1023 '⁴
411 1011 507 1057 nes
524 994 699 1070 perire
719 993 1177 1071 praeoptaverint,
1198 1009 1269 1047 ne
1284 988 1411 1047 loc'o
1437 989 1559 1067 pel·

366 1074 389 1109 ‘
409 1076 670 1138 letentur.
730 1076 859 1138 socii
893 1076 1044 1155 saepe
1078 1074 1268 1149 nostri,
1313 1073 1555 1134 exscindi

350 1161 387 1212 -‘
411 1164 572 1220 urbes
612 1161 752 1237 suas,
794 1162 957 1241 seque
984 1183 1106 1221 cum
1132 1162 1460 1239 conjugibus
1486 1182 1552 1219 ac

360 1245 384 1279 ⁴
405 1246 590 1306 liberis
611 1251 837 1308 ‘cremari
866 1249 1209 1327 pertulerunt
1228 1270 1247 1321 3
1294 1266 1470 1327 neque
1493 1266 1551 1305 a·

361 1331 383 1364 ‘
406 1331 523 1392 liud
552 1336 785 1412 pretinm
801 1337 1009 1410 exitus,
1050 1354 1213 1413 quam
1230 1333 1362 1393 fides
1383 1331 1562 1398 fama-

360 1416 535 1499 ‘que.
554 1420 791 1481 tolerant
808 1425 1175 1483 cummaxime
1192 1423 1436 1499 inopiam
1453 1420 1553 1478 ob-

365 1511 384 1538 ‘
404 1507 707 1586 fidiumqu'e
733 1509 879 1589 apud
904 1514 1110 1567 Vetera
1138 1507 1405 1585 legiones,
1451 1526 1555 1565 nec

350 1594 389 1627 '‘
412 1609 620 1654 terrore
632 1612 723 1654 aut
741 1594 1005 1674 promiffis
1023 1594 1406 1655 demoventur.
1447 1612 1551 1651 no-

349 1678 384 1765 2‘
410 1684 519 1754 bis,
541 1680 696 1760 super
717 1702 865 1741 arma
879 1697 933 1740 et
949 1683 1124 1755 vitoe,
1147 1685 1202 1739 e't
1217 1680 1425 1756 egregi-³
1443 1676 1552 1736 caf-

360 1766 384 1799 ‘
409 1782 617 1825 trorum
630 1767 1323 1840 munimenta,frumentum
1337 1781 1393 1823 et
1402 1784 1550 1824 com-

361 1851 383 1885 ‘
411 1868 620 1910 meatus
638 1854 891 1930 quamvis
909 1854 1080 1931 longo
1093 1852 1238 1911 bello
1257 1871 1437 1930 pares.
1460 1869 1549 1928 pe-

359 1937 382 1971 ‘
403 1940 566 1997 cunia
598 1958 771 2017 nuper
802 1941 969 1998 etiam
1000 1939 1266 1998 donativo
1308 1934 1545 1996 suffecitz

362 2024 384 2056 ‘
409 2022 561 2102 quod
579 2022 687 2082 five
703 2044 735 2081 a
750 2022 1102 2107 Vespasiano,
1140 2022 1248 2083 five
1262 2043 1292 2082 a
1317 2020 1547 2081 Vitellio

360 2110 383 2145 ‘
407 2110 596 2171 datum
612 2111 967 2190 'interpretari
986 2111 1263 2181 mavultiS,
1294 2110 1361 2179 ab
1377 2109 1547 2187 impe·

362 2203 381 2230 ‘
404 2214 586 2257 ratore
624 2212 769 2257 certe
807 2199 1063 2269 Romano
1100 2194 1402 2279 accepistis.
1465 2208 1546 2252 tot

361 2284 381 2319 ‘
407 2285 671 2343 bellorum
689 2285 946 2357 vietores,
975 2281 1120 2363 apud
1138 2281 1467 2354 Geldubam,
1491 2302 1544 2339 a·

349 2364 384 2401 '‘
410 2369 520 2447 pud
544 2374 767 2442 Vetera,
810 2368 932 2430 fuso
956 2371 1163 2429 totiens
1185 2367 1353 2435 hoste,
1395 2364 1542 2443 sipa-

360 2451 382 2485 ‘
405 2455 548 2514 vetis
569 2456 760 2532 aciem,
782 2455 1071 2537 indignum
1088 2455 1142 2513 id
1161 2453 1409 2535 quidem:
1460 2451 1542 2511 sed
