1759 2992
361 129 944 170 nrsrontAauM
979 127 1110 167 mn.
1146 126 1242 169 tv.
1329 124 1409 186 51

224 207 386 268 fimul
406 206 505 267 eoa
522 209 617 285 qui
628 222 905 285 coeptam,
923 206 1047 265 dein
1068 205 1308 266 omifl'am
1325 228 1417 268 ac·

224 296 444 352 tionem
455 308 779 371 repeterent,
790 294 1007 352 monuit
1018 291 1260 351 strmone
1272 293 1418 351 mol·

232 378 298 450 li,
320 393 377 435 et
397 394 670 456 tamquam
687 393 923 454 rogaret.
970 394 1148 457 patres
1161 394 1417 455 coeptam

231 463 558 538 libertatem,
592 463 877 544 postquam
904 465 1125 523 obviarn
1151 465 1311 534 itum,
1351 483 1416 521 o·

229 546 441 610 misere.
486 553 782 611 Mucianus
799 570 871 608 ne
888 548 1066 628 sperni
1092 548 1302 608 senatus
1318 549 1415 625 j-u7

227 635 454 711 dicium,
496 651 552 696 et
574 640 788 698 cunetis
814 634 912 694 sub
934 642 1161 694 Nerone
1182 633 1415 695 admissiz

225 721 351 782 data
367 724 665 801 impunitas
683 722 993 792 videretur3
1020 724 1308 783 octavium
1323 727 1413 780 Sa-

226 809 447 883 gittam,
490 824 551 866 et
580 807 876 867 Antistium
899 805 1175 865 Sofianum
1199 803 1419 866 senato,
1449 847 1454 851 -

229 892 299 949 rii
316 890 553 963 ordinis,
581 890 815 966 egress'os
830 888 1106 962 exfilium,
1125 893 1188 948 in
1208 891 1419 952 easdem

233 972 441 1034 insulas
458 976 687 1051 redegit.
713 976 995 1046 oetavius,
1020 976 1269 1034 Pontiam
1291 974 1424 1033 Pos-

232 1061 461 1120 tumiam
479 1058 661 1140 stupro
675 1062 981 1138 cognitam,
1019 1074 1077 1118 et
1097 1062 1321 1140 nuptias
1335 1059 1423 1119 su·

228 1168 288 1206 as
317 1149 670 1222 abnuentem,
715 1149 995 1227 impotens
1017 1149 1221 1206 amoris
1243 1150 1415 1206 inter·

222 1233 456 1295 fecerat:
477 1233 747 1308 Sosianus,
764 1237 1030 1314 pravitate
1040 1252 1258 1293 morum
1271 1233 1415 1293 mul·

225 1321 297 1380 tis
314 1319 523 1380 exitios
516 1342 599 1380 us.
626 1323 789 1380 ambo
805 1322 959 1397 gravi
977 1316 1416 1381 senatusconsul-

226 1421 288 1465 to
305 1406 544 1465 damnati
568 1405 830 1485 pulsique,
878 1407 1133 1483 quamvis
1158 1404 1416 1466 concessb

231 1489 355 1548 aliis
375 1490 644 1558 reditu‚in
661 1491 842 1548 eadem
860 1510 1039 1565 poena
1055 1492 1254 1548 retenti
1265 1488 1417 1550 sunt.
1436 1522 1440 1527 ·

233 1594 337 1633 nec
359 1573 483 1632 ideo
505 1574 678 1631 lenita
691 1594 816 1648 erga
845 1575 1159 1631 Mucianum
1183 1574 1418 1634 iuvidia-

230 1661 440 1738 quippe
459 1657 709 1718 Sosianus
732 1679 794 1718 ac
819 1661 1026 1735 Sagitta
1055 1659 1216 1734 viles,
1252 1661 1419 1719 etiam

228 1744 267 1804 fi
299 1760 735 1804 reverterentur:
778 1744 1149 1803 accusatorum
1172 1746 1417 1822 ingenia,

226 1847 282 1890 et
306 1851 466 1908 opes,
489 1844 546 1888 et
560 1832 801 1890 exercita
815 1832 972 1889 malis
992 1833 1195 1891 artibus
1213 1848 1409 1911 poten·

143 1926 181 1983 4
194 1923 223 1980 5
235 1920 310 1977 tia
325 1919 676 1976 timebantur.
735 1916 1129 1977 Reconciliavit
1143 1917 1415 1997 paulisper

227 2001 394 2062 studia
413 2018 649 2080 patrum,
664 2005 924 2061 habitain
944 2001 1124 2062 senatu
1143 2006 1417 2080 cognitio,

229 2085 518 2147 secundum
536 2105 769 2148 veterem
787 2109 1019 2147 morem.
1052 2087 1297 2148 Manlius
1316 2095 1416 2145 Pa-

176 2240 181 2243 v
232 2174 432 2231 truitus
460 2172 702 2248 senator,
750 2175 768 2206 ‘
802 2173 1069 2251 pulsatum
1097 2170 1149 2230 se
1175 2174 1232 2229 in
1259 2169 1417 2231 colo·

230 2258 252 2291 ‘
277 2259 373 2317 nia
389 2259 812 2334 Senienfi,eoetu
831 2253 1418 2333 multitudinis,etjus·

230 2343 253 2376 ‘
278 2342 332 2402 su
346 2344 749 2421 magistratuum
765 2347 1089 2421 querebatur
1101 2364 1121 2418 ;
1135 2363 1236 2403 nec
1247 2342 1415 2403 finem

224 2429 247 2463 ‘
270 2429 510 2510 injuriae
530 2434 621 2493 hic
644 2429 863 2493 stetiffe=
911 2429 1210 2508 planetum,
1248 2446 1305 2489 et
1331 2429 1408 2488 ia·

762 2520 807 2571 C
856 2534 889 2575 2
