1759 2992
436 175 533 216 οε
566 174 913 243 most-sus
952 173 1201 217 onam.
1259 159 1411 237 ¹161

172 283 177 287 ·
236 256 476 334 subjefla
505 270 671 335 atque
697 255 964 336 parentia.
1024 255 1214 332 adjicit
1238 261 1423 317 andsto·

237 346 456 404 ritatem
472 340 697 401 fortuna
710 349 1044 400 Semnonum
1058 363 1079 414 ς
1096 356 1314 402 centum
1326 365 1425 423 pa·

241 432 329 506 gis
351 429 695 488 habitantum
724 447 1034 507 magnoque
1055 448 1287 508 corpore
1308 429 1423 488 effi-

241 516 426 589 citur,
464 530 527 572 ut
556 512 615 572 se
649 522 948 574 suevorum
987 529 1147 593 caput
1177 512 1421 575 credant.

154 619 240 678 40
251 604 463 658 Contra
474 600 869 678 Langobardos
887 603 1127 680 paucitas
1144 601 1421 675 nobilitat,

239 684 392 765 quod
416 685 666 765 plurimis
694 707 758 746 ac
788 685 1155 746 valentiffimis
1184 689 1425 745 nationi—

237 772 342 832 bus
356 773 547 846 cinai,
560 792 677 832 non
695 792 790 850 per
803 770 1145 850 obsequium,
1160 771 1245 830 sed
1264 793 1427 851 proe-

241 857 330 915 liis
350 872 407 918 et
430 854 794 936 periclioendo
815 858 924 914 tuti
946 854 1090 916 sunt.
1152 857 1427 934 Reudigni

242 940 441 1000 deinde
461 957 520 1000 et
541 943 813 1014 Aviones,
833 955 894 998 et
905 941 1107 1017 Angli,
1123 955 1183 999 et
1201 945 1425 1018 Varini,

242 1040 299 1084 et
315 1024 577 1102 Eudoses,
598 1040 654 1084 et
667 1023 995 1099 Sum-dones,
1021 1040 1078 1084 et
1093 1027 1429 1103 Nuithones,

240 1104 561 1172 fluminibus
599 1126 694 1171 aut
733 1109 879 1171 silvis
917 1114 1276 1186 muniuntur3
1322 1132 1428 1173 nec

239 1198 536 1277 quidquam
551 1197 800 1258 notabile
811 1199 873 1257 in
892 1196 1134 1277 lingulis,
1157 1196 1255 1258 nifi
1274 1199 1425 1279 quod

237 1286 298 1344 in
337 1304 628 1346 commune
658 1288 953 1362 Herthum,
989 1285 1047 1345 id
1083 1283 1180 1361 est,
1223 1300 1424 1346 terram

238 1385 470 1430 matrem
492 1373 708 1445 colunt,
739 1390 968 1451 eamque
984 1373 1317 1432 intervenire
1339 1392 1425 1432 re-

239 1456 346 1513 bus
363 1457 673 1529 hominum,
699 1456 889 1516 invehi
911 1457 1131 1535 populis
1153 1458 1424 1516 arbitran-

240 1555 354 1599 tur.
397 1539 471 1599 est
486 1542 545 1598 in
561 1538 737 1600 insula
752 1543 959 1602 Oceani
982 1540 1197 1602 Castum
1209 1562 1425 1610 nemus,

239 1624 586 1707 dicatumque
608 1627 666 1685 in
689 1646 758 1686 eo
780 1627 1092 1689 vehiculum
1123 1624 1263 1686 veste
1283 1646 1423 1688 con-

238 1717 441 1774 tedum
461 1756 482 1788 ,
508 1714 774 1792 attingere
797 1715 897 1773 uni
918 1710 1183 1773 sacerdoti
1206 1711 1423 1773 conces·

233 1797 374 1859 sum.
421 1802 468 1859 is
484 1798 660 1860 adess'e
681 1800 948 1879 penetrali
968 1797 1124 1860 deam
1141 1798 1423 1877 intelligit,

233 1890 558 1966 vee'tamque
570 1886 749 1946 bubus
768 1885 988 1948 feminis
1000 1885 1169 1947 multa
1186 1907 1312 1953 cum
1329 1907 1420 1946 ve-

236 1973 522 2032 neratione
543 1972 912 2052 prosequitur.
969 1973 1098 2037 laeti
1128 1987 1263 2034 tunc
1280 1972 1422 2047 dies,

237 2056 362 2116 festa
378 2058 533 2129 loea3
559 2077 918 2138 quaecunque
931 2057 1169 2117 adventu
1192 2055 1421 2136 bospiti-

239 2161 389 2218 oque
414 2141 693 2216 dignatur.
746 2162 868 2201 non
899 2140 1037 2202 bella
1062 2144 1277 2213 ineunt,
1300 2161 1420 2201 non

238 2217 389 2284 armti
423 2223 641 2283 sumunt
660 2266 678 2299 ,
716 2224 952 2285 clausum
989 2245 1156 2284 omne
1181 2224 1381 2285 ferrum
1402 2249 1426 2287 s

236 2330 353 2392 pax
382 2325 445 2369 et
482 2313 638 2388 quies
664 2325 802 2371 tunc
838 2326 1054 2370 tantum
1081 2325 1253 2386 nota,
1290 2326 1420 2375 tunc

237 2411 453 2456 tantum
477 2410 676 2471 amata,
705 2397 882 2458 donec
904 2396 1048 2458 idem
1073 2394 1320 2458 sacerdos
1341 2398 1418 2458 sas

236 2485 428 2546 tiatam
464 2481 881 2553 conversatione
909 2482 1224 2548 mortalium
1259 2485 1420 2552 deam
