1759 2992
404 93 524 147 170
611 90 670 131 c.
706 88 1086 131 count-:1011
1122 90 1412 134 ‘rnen-rr

379 175 609 253 poribus
632 172 836 249 optime
855 169 1203 230 aestimantur
1218 215 1237 242 ,
1266 176 1459 253 quibus
1480 172 1556 237 fa-

379 259 577 318 cillime
599 257 924 334 gignuntur.
969 272 1026 315 at
1049 259 1182 317 mihi
1205 278 1356 320 nunc
1378 265 1573 319 narra(

381 361 511 403 turo
527 346 697 403 vitam
709 340 949 401 defuncti
965 345 1230 419 hominiS,
1244 348 1557 426 venia'opus

380 431 520 501 fuit;
547 448 710 508 quam
736 446 850 485 non
876 426 1137 505 petissem,
1163 432 1222 487 ni
1253 430 1559 490 cursaturus

380 532 493 575 tam
510 513 666 573 saeva
686 528 740 570 et
763 511 955 571 infesta
976 515 1271 574 virtutibus
1294 532 1559 596 tempora.

376 602 637 677 Legimus
660 616 789 659 cum
826 597 1071 657 Aruleno
1100 598 1318 660 Rustico
1355 610 1550 662 Paetus
1568 618 1603 662 2

379 682 664 759 Thrasea,
706 684 994 741 Herennio
1024 684 1313 743 Senecioni
1350 686 1567 748 Priscus
1721 629 1728 796 †

381 769 676 836 Helvidius
689 766 899 828 laudati
919 765 1105 838 ess'ent,
1129 769 1358 847 capitale
1374 770 1528 830 fuiffe
1544 795 1563 832 a

382 873 565 936 neque
594 857 654 914 in
679 852 822 935 ipsos
850 853 1020 914 modo
1058 860 1300 914 auctores
1317 899 1336 931 ‚
1383 855 1471 916 sed
1502 860 1567 918 in
1727 871 1728 910 1

379 940 555 1004 libros
577 959 801 1021 quoque
825 960 1015 1000 eorum
1042 939 1323 1011 saevitum,
1352 941 1566 1019 delega-

374 1043 446 1088 to
469 1028 771 1088 triumviris
787 1025 1107 1101 ministerio,
1130 1041 1193 1084 ut
1208 1044 1569 1089 monumenta

376 1113 782 1174 clarissimorum
802 1112 1146 1186 ingeniorum
1171 1112 1229 1169 in
1254 1116 1483 1173 comitio
1499 1135 1570 1174 ac

371 1197 499 1257 foro
524 1210 831 1255 urerentur.
881 1193 1079 1253 scilicet
1101 1194 1200 1253 illo
1216 1196 1344 1271 igne
1366 1218 1565 1260 vocem

373 1301 511 1362 pop.
555 1286 718 1341 Rom·
762 1293 820 1338 et
863 1277 1168 1339 libertatem
1206 1277 1420 1344 senatus
1442 1327 1461 1358 ,
1507 1300 1567 1345 et

373 1364 760 1428 conscientiam
807 1364 1021 1440 generis
1075 1368 1303 1427 humani
1359 1370 1565 1428 aboleri

373 1452 807 1523 arbitrabantur,
833 1448 1071 1529 expulsis
1107 1453 1329 1532 insuper
1354 1453 1567 1534 sapien·

376 1540 485 1599 tiae
533 1534 914 1617 professoribus
930 1578 948 1608 ,
1001 1551 1167 1616 atque
1212 1541 1378 1598 omni·
1416 1541 1566 1599 bona

373 1640 494 1685 arte
516 1625 573 1683 in
597 1621 843 1683 exfilium
879 1626 1033 1692 adia,
1073 1645 1146 1683 ne
1180 1624 1310 1702 quid
1333 1622 1561 1702 usquam

373 1709 664 1771 honestum
687 1724 1019 1770 occurreret.
1069 1708 1313 1769 dedimus
1343 1707 1560 1787 profec-

372 1811 437 1855 to
466 1795 673 1873 grande
710 1796 1006 1874 patientiae
1036 1793 1420 1853 documentum
1441 1834 1461 1868 ,
1494 1808 1557 1853 et

368 1879 509 1942 ficut
534 1896 694 1940 vetus
728 1895 876 1938 aetas
911 1878 1086 1950 vidit3
1126 1877 1263 1956 quid
1298 1878 1555 1937 ultimum
1727 1907 1728 2000 1

368 1970 432 2028 in
454 1965 700 2025 libertate
720 1963 870 2037 effer,
906 1966 983 2022 ita
1011 1982 1118 2021 nos
1144 1963 1277 2040 quid
1304 1963 1362 2020 in
1386 1960 1558 2022 servi·

367 2066 520 2125 tute,
556 2049 812 2127 adempto
852 2067 947 2126 per
982 2045 1361 2125 inquisitiones
1388 2062 1445 2105 et
1466 2047 1560 2107 lo·

367 2134 572 2217 quendi
612 2133 978 2212 audiendique
1020 2134 1379 2193 commercio.
1440 2154 1560 2193 me·-

365 2224 598 2284 moriam
623 2239 846 2299 quoque
869 2217 1034 2298 ipsam
1065 2239 1188 2278 cum
1212 2239 1352 2279 voce
1379 2220 1561 2299 perdi·

364 2307 642 2380 distemus,
666 2304 706 2365 fi
729 2306 914 2364 tamin
936 2301 1120 2365 nostra
1138 2304 1403 2383 potestate
1428 2303 1561 2365 esset
1625 2309 1630 2312 Ἴ

362 2390 604 2452 oblivisci
627 2411 792 2473 quam
817 2406 1014 2452 tacere.
1130 2398 1301 2453 Nunc
1322 2390 1547 2453 demum
1563 2407 1604 2468 3
