1759 2992
340 144 429 221 88
551 171 611 215 c.
648 162 1029 215 eorus-mr
1068 162 1379 217 rnen-r·

344 252 644 332 culpabant
665 250 931 311 Cerialem
948 250 1148 331 paffum
1169 254 1354 331 jungi,
1383 269 1530 333 qnos

349 337 613 398 discretos
629 339 949 415 intercipere
967 336 1213 397 licuisset.
1242 340 1532 398 Romanus

284 456 289 467 ι
350 425 628 484 exercitus
652 422 819 483 castra
845 421 981 482 fossa
1020 422 1277 502 valloque
1302 426 1536 483 circum·

350 508 498 569 dedit
516 531 533 566 ε
573 513 698 587 quis
722 525 924 567 temere
943 523 1101 567 antea
1124 510 1319 567 intutis
1342 510 1538 568 conse-

350 593 522 654 derat.
565 592 706 674 apud
736 592 1288 652 Germanos-diversis
1314 592 1538 653 senten-

349 681 446 738 tiis
467 682 790 739 certabatur.
885 682 904 709 ‘
936 678 1128 737 Civilis
1160 680 1523 757 opperiendas
1540 699 1573 749 7
1589 677 1633 740 6

349 762 376 797 ⁸
397 764 944 823 Transrhenanorum
959 779 1405 842 gentes,quarum
1424 780 1536 822 rer·

356 849 379 882 ‘
403 869 529 909 rore
546 848 738 908 fractae
753 848 944 927 populi
979 852 1209 908 Romani
1226 853 1365 908 vires
1381 851 1539 908 obte-

352 940 383 967 ‘
398 950 664 993 rer-entur.
687 935 881 992 Gallos
894 936 1025 1012 quid
1042 934 1185 995 aliud
1202 954 1365 1014 quam
1386 955 1540 1015 prae·

359 1019 386 1052 ‘
408 1020 531 1080 dam
555 1021 893 1079 vidior-ibus?
940 1035 993 1078 et
1009 1035 1188 1079 tamen
1206 1021 1353 1100 quod
1375 1022 1539 1080 robo-

362 1110 382 1138 ‘
404 1108 480 1164 ris
503 1103 586 1180 fit,
625 1105 839 1181 BelgaS,
881 1103 1058 1164 secum
1079 1106 1279 1183 palam,
1319 1120 1416 1164 aut
1435 1127 1540 1165 vo·

361 1189 384 1224 ⁸
407 1205 469 1249 to
498 1188 650 1249 stare.
709 1196 902 1247 Tutor
937 1193 1285 1248 cunctatione
1307 1189 1541 1249 crescere

363 1273 518 1334 ‘rem
537 1281 841 1333 Romanam
861 1272 1184 1345 affirmabat,
1208 1277 1539 1334 coeuntibus

361 1361 384 1395 ⁴
400 1360 647 1439 undique
692 1360 1044 1419 exercitibus·
1112 1359 1468 1420 transvectam
1509 1381 1542 1419 e

366 1446 388 1479 ⁴
411 1448 691 1506 Britannia
706 1445 1005 1521 legionem=
1042 1447 1240 1505 accitas
1256 1466 1328 1505 ex
1346 1444 1542 1524 Hispa-

367 1533 389 1564 ‘
413 1535 531 1591 nia:
560 1531 855 1590 adventare
870 1549 944 1588 ex
960 1530 1151 1589 Italia=
1187 1553 1293 1593 nec
1310 1530 1543 1591 subitum

363 1617 388 1653 ‘
410 1619 657 1689 militem,
668 1613 756 1674 sed
772 1631 1011 1675 veterem
1023 1634 1419 1696 expertumque
1433 1617 1542 1675 bel-

367 1701 390 1734 ‘
416 1703 476 1761 li.
522 1722 648 1761 nam
670 1707 1004 1776 Germanos,
1053 1705 1148 1781 qui
1172 1706 1242 1763 ab
1283 1701 1405 1777 ipfis
1427 1700 1542 1779 spe-

367 1786 389 1819 ‘
413 1803 625 1860 rentur,
652 1808 766 1846 non
785 1789 990 1866 juberi,
1014 1808 1130 1846 non
1146 1790 1280 1865 regi,
1302 1786 1387 1845 sed
1404 1806 1541 1846 cun-

368 1871 389 1902 ‘
415 1877 500 1930 &a
513 1893 585 1930 ex
599 1872 825 1932 libidine
839 1892 1012 1949 agere.
1052 1875 1458 1951 pecuniamque,
1481 1893 1544 1931 ac

369 1955 391 1988 ‘
415 1956 583 2029 dona,
621 1961 747 2033 quis
765 1957 892 2017 solis
908 1973 1340 2037 corrumpantur,
1368 1959 1546 2034 majo-

370 2041 395 2074 ‘
418 2061 479 2101 ra
507 2042 649 2120 apud
671 2049 992 2114 Romanosg
1039 2059 1095 2102 et
1121 2046 1387 2105 neminem
1411 2044 1547 2102 adeo

369 2126 394 2160 ‘
416 2130 475 2188 in
491 2148 636 2188 arma
650 2148 911 2208 pronum,
945 2144 1008 2189 ut
1022 2148 1140 2189 non
1154 2129 1299 2190 idem
1316 2132 1549 2208 pretium

369 2213 395 2246 ‘
422 2216 623 2290 qmetis
647 2235 809 2290 quam
838 2215 1064 2289 periculi
1094 2218 1283 2286 malit3
1330 2215 1479 2292 quod
1512 2214 1553 2274 fi

369 2299 391 2330 ‘
416 2299 590 2358 statim
606 2298 1054 2376 congrediantur,
1094 2301 1270 2361 nullas
1285 2301 1387 2360 effe
1404 2303 1568 2365 Ceri-⁷

368 2379 391 2412 ‘
412 2382 508 2455 ali,
546 2383 641 2442 nifi
664 2405 736 2444 ex
751 2384 996 2463 reliquiis
1019 2388 1331 2447 Germanici
1347 2387 1552 2444 exerci-

369 2462 395 2542 ξ
419 2478 504 2522 tus
522 2466 785 2547 legiones,
811 2471 1125 2535 foederibus
1142 2474 1439 2535 Galliarum
1456 2471 1555 2555 ob·⁴
