1759 2992
403 169 488 213 nl
515 118 721 215 eron
746 169 1008 213 tanum
1049 171 1192 214 ιη.
1229 171 1328 215 ιν.
1377 152 1457 216 61

272 249 465 331 stipes,
505 267 560 312 et
597 251 946 314 metallorum
983 255 1257 333 primitiae
1293 254 1464 317 nullis

267 336 596 398 fornacibus
607 336 891 414 vifiaessed
901 355 964 398 ut
972 342 1297 417 gignuntur.
1309 360 1462 420 prae·

266 421 470 483 dixere
492 423 823 503 haruspices,
848 445 923 485 ne
947 441 1299 485 temeraretur
1320 446 1463 504 opus
1575 428 1588 439 ’

266 507 407 569 saxo
422 531 629 571 aurove
644 512 703 571 in
724 512 872 571 aliud
892 511 1181 571 destinato.
1226 511 1464 571 altitudo

270 595 492 656 aedibus
518 596 748 673 adjeaesta.
795 599 854 657 id
870 596 1043 657 solum
1061 598 1256 675 religio
1280 617 1461 677 annu-

273 701 364 740 ere
383 704 400 753 ς
422 699 477 741 et
493 685 691 761 prioris
708 683 900 762 templi
915 683 1350 761 magnificentiae
1364 684 1460 745 de·

269 765 422 826 firiffe
440 769 729 843 creditum,
753 789 868 848 quo
891 783 1047 828 tanta
1063 772 1149 829 uis
1166 773 1462 830 hominum

192 864 226 922 5
234 867 275 924 4
287 852 573 911 retinenda
585 868 722 912 erat.
770 853 975 912 Audita
987 856 1207 912 interim
1221 874 1317 931 per
1326 855 1461 917 Gal-

270 935 378 994 -lias
406 936 831 1014 Germaniasque
857 956 1009 995 mors
1032 938 1241 996 Vitellii
1278 938 1461 1018 dupli-

274 1036 496 1079 caverat
511 1019 731 1080 bellum.
762 1041 892 1079 nam
909 1021 1103 1082 Civilis
1120 1020 1307 1083 omiffa
1322 1023 1463 1083 dissi-

271 1107 599 1176 mulatione,
639 1108 696 1165 in
722 1107 991 1186 populum
1010 1114 1316 1168 Romanum
1340 1129 1462 1170 rue-

267 1211 350 1251 re.
408 1193 732 1253 Vitellianae
764 1193 1009 1271 legiones
1048 1194 1137 1255 vel
1167 1210 1458 1257 externum

264 1275 547 1338 servitium
572 1298 737 1359 quam
767 1282 1152 1361 imperatorem
1177 1279 1456 1363 Vespafia-

254 1384 398 1423 num
427 1365 608 1425 malle.
670 1365 816 1427 Galli
855 1365 1173 1428 sustulerant
1209 1362 1453 1443 animos,

265 1449 496 1508 eandem
521 1451 722 1528 ubique
755 1456 1098 1512 exercituum
1139 1453 1453 1515 nostrorum

267 1532 550 1592 fortunam
571 1538 702 1593 rati:
726 1536 958 1611 vulgato
975 1557 1210 1609 rumore,
1235 1538 1253 1569 ‘
1280 1559 1312 1596 a
1334 1545 1456 1596 Sar·

271 1621 290 1650 ‘
321 1622 487 1678 matis
507 1617 775 1698 Dacisque
806 1619 1037 1679 Moesica
1058 1642 1119 1681 ac
1140 1624 1458 1685 Pannonica

254 1709 287 1749 -‘
314 1706 545 1765 hiberna
558 1704 919 1766 circumfideri
936 1709 973 1765 ε’
985 1710 1144 1786 ‘paria
1157 1708 1225 1767 de
1240 1712 1454 1771 Britan-

260 1794 355 1851 nia
373 1791 745 1870 fingebantur.
792 1791 878 1853 sed
898 1794 1032 1854 nihil
1060 1814 1250 1875 aeque,
1281 1817 1449 1877 quam

248 1880 577 1939 incendium
619 1881 901 1958 Capitolii,
949 1897 1008 1940 ut
1046 1880 1213 1943 finem
1236 1885 1450 1964 imperii

257 1963 437 2023 adeffe
465 1966 770 2040 crederent,
815 1968 1125 2046 impulerat.
1178 1970 1199 2002 ‘
1226 1985 1448 2049 captam
1483 1996 1490 2001 ’

259 2050 282 2082 ‘
311 2050 449 2110 olim
469 2072 502 2110 a
525 2051 698 2111 Gallis
724 2056 947 2125 urbem;
999 2055 1086 2113 sed
1118 2056 1328 2131 integra
1346 2064 1448 2130 Jo-

262 2134 283 2167 ‘
307 2136 391 2194 vis
408 2135 545 2205 sede,
559 2136 796 2197 manfiffe
812 2141 1123 2216 imperium.
1139 2139 1449 2198 satalinune

261 2220 282 2253 ‘
308 2221 450 2294 igne,
462 2219 669 2299 fignum
679 2222 924 2282 coelestis
938 2225 1047 2280 itae
1061 2223 1247 2282 datum
1260 2237 1314 2282 et
1326 2223 1450 2303 pos-

261 2310 282 2339 ‘
308 2302 579 2367 sessionem
605 2328 785 2367 rerum
809 2310 1169 2366 humanarum
1192 2307 1448 2370 Transal-

261 2392 282 2425 ‘
309 2393 456 2470 pinis
479 2395 759 2468 gentibus,
784 2391 1058 2472 portendi'
1081 2392 1451 2474 superstitione

240 2512 251 2539 2
262 2497 407 2538 vana
443 2476 687 2540 Druidae
709 2480 1003 2543 canebant.
1059 2480 1451 2562 incefferatqoe
1521 2555 1530 2561 .⁷
1631 2551 1637 2557 ,
