1759 2992
431 175 647 228 sumt
684 176 720 217 a
745 172 955 217 ome.
984 169 1204 216 vxi-A.
1300 153 1417 228 185

235 261 415 320 vicem
433 254 948 332 instine'ti,Voadica
965 256 1179 332 generis
1196 256 1327 332 regii
1341 255 1421 314 fc-

235 349 390 406 miua
417 344 554 405 duee
577 343 789 424 (neque
808 345 952 401 enim
967 340 1151 400 sexum
1173 344 1230 400 in
1251 343 1422 420 impe-

235 434 336 490 riis
359 428 717 505 discernunt)
740 427 1007 507 sumpsere
1039 425 1273 486 univerfi
1305 428 1421 485 bel·

233 518 347 575 lum
367 538 383 574 ε
413 536 477 573 ac
499 511 704 595 sparsos
723 534 820 594 per
833 513 1042 575 castella
1066 515 1263 573 milites
1282 532 1420 571 con-

235 600 437 675 sectati,
465 602 793 681 expugnatis
818 598 1109 678 praefidiis,
1138 598 1306 680 ipsam
1324 619 1420 658 co-

230 681 437 746 ioniam
457 686 790 756 invasere,ut
804 684 978 745 sedem
996 684 1267 745 servitutis
1283 708 1302 758 3
1317 705 1421 744 nee

233 772 405 832 ullum
430 774 489 830 in
513 773 759 831 Barbaria
784 770 1035 830 saevitiae
1050 790 1220 846 genus
1244 768 1422 828 omifit

232 859 317 916 ira
347 873 402 915 et
423 859 674 916 victoria.
722 858 873 934 quod
898 854 997 914 nifi
1022 853 1321 928 Fannium,
1349 875 1421 913 eo

236 944 467 1017 cognito
491 942 806 1019 provinciae
838 956 1021 1014 motu,
1045 958 1275 1018 propere
1297 937 1421 997 sub·

235 1024 495 1094 venisset,
524 1024 703 1084 amiffa
732 1026 1014 1084 Britannia
1046 1024 1225 1083 foret=
1256 1042 1420 1102 quam

235 1112 401 1171 unius
415 1111 606 1191 proelii
618 1109 842 1171 fortuna
851 1113 1021 1171 veteri
1038 1112 1329 1187 patientiae
1340 1131 1421 1169 re·

234 1195 426 1272 stituit,
450 1199 761 1259 tenentibus
786 1217 936 1257 arma
960 1192 1246 1279 plerisque,
1271 1215 1417 1275 quoa

234 1284 597 1343 conscientiae
618 1282 959 1359 defee'tionis,
987 1299 1044 1343 et
1066 1282 1322 1362 proprius
1343 1299 1419 1343 ex

234 1368 419 1444 legato
436 1365 604 1428 timor
619 1370 877 1445 agitabat.
923 1371 1013 1428 hic
1028 1389 1151 1427 cum
1168 1371 1417 1445 egregius

235 1466 434 1526 cetera,
456 1469 773 1530 arroganter
795 1457 853 1513 in
877 1453 1112 1522 deditos,
1140 1468 1196 1512 et
1214 1465 1275 1510 ut
1298 1451 1419 1511 suae

232 1551 457 1618 quoque
479 1538 714 1615 injuriae
735 1537 886 1599 ultor
905 1581 923 1613 ,
958 1537 1147 1597 durius
1170 1534 1415 1596 consule-

232 1637 350 1694 ret3
377 1621 560 1682 missus
577 1623 866 1683 Petronius
890 1622 1254 1701 Turpilianus
1274 1635 1417 1681 tam-

231 1728 394 1787 quam
410 1708 760 1782 exorabilior,
770 1724 826 1767 et
838 1708 1047 1768 delictis
1063 1706 1292 1766 hostium
1308 1726 1414 1766 no·

230 1807 542 1875 vu8‚eoque
556 1797 929 1875 poenitentiae
944 1795 1133 1853 mitior
1147 1815 1164 1865 ς
1185 1812 1412 1874 compo-
1439 1788 1444 1793 ⁸

231 1879 343 1939 fitis
360 1882 795 1960 prioribuspihil
818 1882 960 1940 ultra
983 1878 1158 1948 ausus,
1182 1885 1240 1937 T
1243 1878 1412 1939 rebel·

232 1966 310 2025 lio
340 1968 588 2025 Maximo
611 1968 951 2045 provinciam
976 1965 1218 2025 tradidit.
1263 1972 1411 2023 Tre-

228 2051 423 2111 bellius
446 2050 656 2127 segnior
676 2067 732 2110 et
769 2052 953 2111 nullus
991 2050 1284 2112 castrorum
1310 2068 1407 2107 ex-

229 2137 575 2217 perimentis,
613 2137 873 2195 comitate
905 2135 1142 2214 quadam
1179 2135 1406 2195 curandi

231 2221 578 2299 provinciam
595 2221 787 2280 tenuit.
810 2219 1174 2295 didicerejam
1191 2220 1409 2278 Barbari

230 2323 458 2384 quoque
484 2302 760 2381 ignoscere
792 2306 946 2363 vitiis
967 2302 1406 2378 blandientibucg

230 2406 290 2449 et
317 2392 660 2450 interventus
681 2389 928 2450 civilium
958 2408 1233 2450 armorum
1256 2408 1410 2469 prae-

232 2477 355 2564 buit
369 2474 567 2557 justam
587 2473 839 2568 segnitiae
854 2475 1262 2544 excusationem
1277 2496 1302 2551 ᾗ
1321 2473 1418 2546 sed
