<?xml version="1.0" encoding="UTF-8"?>
<!DOCTYPE html PUBLIC "-//W3C//DTD XHTML 1.0 Transitional//EN"
    "http://www.w3.org/TR/xhtml1/DTD/xhtml1-transitional.dtd">
<html xmlns="http://www.w3.org/1999/xhtml" xml:lang="en" lang="en">
 <head>
  <title>
</title>
<meta http-equiv="Content-Type" content="text/html;charset=utf-8" />
  <meta name='ocr-system' content='tesseract 3.04.00' />
  <meta name='ocr-capabilities' content='ocr_page ocr_carea ocr_par ocr_line ocrx_word'/>
</head>
<body>
  <div class='ocr_page' id='page_1' title='image "./ccorneliitaciti05grongoog_0208.png"; bbox 0 0 1759 2992; ppageno 0'>
   <div class='ocr_carea' id='block_1_1' title="bbox 385 146 1391 205">
    <p class='ocr_par' dir='ltr' id='par_1_1' title="bbox 385 146 1391 205">
     <span class='ocr_line' id='line_1_1' title="bbox 385 146 1391 205; baseline -0.007 -9"><span class='ocrx_word' id='word_1_1' title='bbox 385 151 504 205; x_wconf 76' lang='lat'>174</span> <span class='ocrx_word' id='word_1_2' title='bbox 589 146 1391 192; x_wconf 69' lang='lat' dir='ltr'>e.coxu1-:r.1¹·rAc1·rt</span> 
     </span>
    </p>
   </div>
   <div class='ocr_carea' id='block_1_2' title="bbox 345 233 1585 2539">
    <p class='ocr_par' dir='ltr' id='par_1_2' title="bbox 345 233 1585 2539">
     <span class='ocr_line' id='line_1_2' title="bbox 374 233 1537 313; baseline 0.001 -21"><span class='ocrx_word' id='word_1_3' title='bbox 374 234 647 313; x_wconf 81' lang='lat' dir='ltr'>travitque</span> <span class='ocrx_word' id='word_1_4' title='bbox 668 234 912 293; x_wconf 86' lang='lat' dir='ltr'>animum</span> <span class='ocrx_word' id='word_1_5' title='bbox 940 233 1191 294; x_wconf 74' lang='lat' dir='ltr'>militaris</span> <span class='ocrx_word' id='word_1_6' title='bbox 1217 234 1420 311; x_wconf 70' lang='lat' dir='ltr'>gloriae</span> <span class='ocrx_word' id='word_1_7' title='bbox 1452 251 1537 293; x_wconf 87' lang='lat' dir='ltr'>cu·</span> 
     </span>
     <span class='ocr_line' id='line_1_3' title="bbox 372 317 1544 402; baseline -0.001 -23"><span class='ocrx_word' id='word_1_8' title='bbox 372 318 529 402; x_wconf 85' lang='lat' dir='ltr'>pido,</span> <span class='ocrx_word' id='word_1_9' title='bbox 541 320 755 397; x_wconf 73' lang='lat' dir='ltr'>ingrata</span> <span class='ocrx_word' id='word_1_10' title='bbox 770 320 1127 401; x_wconf 77' lang='lat' dir='ltr'>temporibus,</span> <span class='ocrx_word' id='word_1_11' title='bbox 1140 322 1340 400; x_wconf 75' lang='lat' dir='ltr'>quibus</span> <span class='ocrx_word' id='word_1_12' title='bbox 1353 317 1544 379; x_wconf 72' lang='lat' dir='ltr'>finistra</span> 
     </span>
     <span class='ocr_line' id='line_1_4' title="bbox 371 407 1542 484; baseline 0 -19"><span class='ocrx_word' id='word_1_13' title='bbox 371 426 501 483; x_wconf 73' lang='lat' dir='ltr'>erga</span> <span class='ocrx_word' id='word_1_14' title='bbox 515 408 816 465; x_wconf 77' lang='lat' dir='ltr'>eminentes</span> <span class='ocrx_word' id='word_1_15' title='bbox 833 407 1236 484; x_wconf 78' lang='lat' dir='ltr'>interpretatio,</span> <span class='ocrx_word' id='word_1_16' title='bbox 1246 426 1350 467; x_wconf 88' lang='lat' dir='ltr'>nec</span> <span class='ocrx_word' id='word_1_17' title='bbox 1364 408 1542 465; x_wconf 76' lang='lat' dir='ltr'>minus</span> 
     </span>
     <span class='ocr_line' id='line_1_5' title="bbox 372 489 1544 571; baseline -0.001 -21"><span class='ocrx_word' id='word_1_18' title='bbox 372 490 665 571; x_wconf 83' lang='lat' dir='ltr'>periculum</span> <span class='ocrx_word' id='word_1_19' title='bbox 683 511 754 549; x_wconf 84' lang='lat' dir='ltr'>ex</span> <span class='ocrx_word' id='word_1_20' title='bbox 770 510 965 567; x_wconf 76' lang='lat' dir='ltr'>magna</span> <span class='ocrx_word' id='word_1_21' title='bbox 982 489 1147 565; x_wconf 84' lang='lat' dir='ltr'>fama,</span> <span class='ocrx_word' id='word_1_22' title='bbox 1166 512 1328 570; x_wconf 86' lang='lat' dir='ltr'>quam</span> <span class='ocrx_word' id='word_1_23' title='bbox 1348 512 1420 550; x_wconf 86' lang='lat' dir='ltr'>ex</span> <span class='ocrx_word' id='word_1_24' title='bbox 1435 512 1544 551; x_wconf 84' lang='lat' dir='ltr'>rna·</span> 
     </span>
     <span class='ocr_line' id='line_1_6' title="bbox 367 573 1585 657; baseline -0.003 -19"><span class='ocrx_word' id='word_1_25' title='bbox 367 576 441 638; x_wconf 75' lang='lat' dir='ltr'>la.</span> <span class='ocrx_word' id='word_1_26' title='bbox 522 578 672 635; x_wconf 88' lang='lat' dir='ltr'>Hinc</span> <span class='ocrx_word' id='word_1_27' title='bbox 688 575 755 635; x_wconf 78' lang='lat' dir='ltr'>ad</span> <span class='ocrx_word' id='word_1_28' title='bbox 773 574 1114 657; x_wconf 73' lang='lat' dir='ltr'>capessendos</span> <span class='ocrx_word' id='word_1_29' title='bbox 1131 576 1464 653; x_wconf 81' lang='lat' dir='ltr'>magistratus</span> <span class='ocrx_word' id='word_1_30' title='bbox 1481 579 1535 638; x_wconf 89' lang='lat' dir='ltr'>in</span> <span class='ocrx_word' id='word_1_31' title='bbox 1549 573 1585 634; x_wconf 88' lang='lat'><strong>6</strong></span> 
     </span>
     <span class='ocr_line' id='line_1_7' title="bbox 367 660 1545 738; baseline 0.002 -17"><span class='ocrx_word' id='word_1_32' title='bbox 367 663 555 722; x_wconf 85' lang='lat' dir='ltr'>urbem</span> <span class='ocrx_word' id='word_1_33' title='bbox 571 660 849 738; x_wconf 69' lang='lat' dir='ltr'>digressus,</span> <span class='ocrx_word' id='word_1_34' title='bbox 871 663 1172 722; x_wconf 83' lang='lat' dir='ltr'>Domitiam</span> <span class='ocrx_word' id='word_1_35' title='bbox 1192 662 1545 723; x_wconf 85' lang='lat' dir='ltr'>Decidianam</span> 
     </span>
     <span class='ocr_line' id='line_1_8' title="bbox 365 746 1539 828; baseline -0.004 -19"><span class='ocrx_word' id='word_1_36' title='bbox 365 746 660 828; x_wconf 77' lang='lat' dir='ltr'>splendidis</span> <span class='ocrx_word' id='word_1_37' title='bbox 686 747 957 807; x_wconf 72' lang='lat' dir='ltr'>natalibus</span> <span class='ocrx_word' id='word_1_38' title='bbox 985 762 1163 808; x_wconf 82' lang='lat' dir='ltr'>ortam</span> <span class='ocrx_word' id='word_1_39' title='bbox 1201 747 1334 808; x_wconf 83' lang='lat' dir='ltr'>fibi</span> <span class='ocrx_word' id='word_1_40' title='bbox 1309 750 1539 825; x_wconf 73' lang='lat' dir='ltr'>junxit3</span> 
     </span>
     <span class='ocr_line' id='line_1_9' title="bbox 366 833 1534 914; baseline -0.003 -19"><span class='ocrx_word' id='word_1_41' title='bbox 366 833 536 914; x_wconf 88' lang='lat' dir='ltr'>idque</span> <span class='ocrx_word' id='word_1_42' title='bbox 557 835 963 895; x_wconf 80' lang='lat' dir='ltr'>matrimonium</span> <span class='ocrx_word' id='word_1_43' title='bbox 995 833 1064 893; x_wconf 79' lang='lat' dir='ltr'>ad</span> <span class='ocrx_word' id='word_1_44' title='bbox 1087 835 1294 914; x_wconf 86' lang='lat' dir='ltr'>majora</span> <span class='ocrx_word' id='word_1_45' title='bbox 1312 833 1534 904; x_wconf 85' lang='lat' dir='ltr'>nitenti,</span> 
     </span>
     <span class='ocr_line' id='line_1_10' title="bbox 367 920 1558 1001; baseline -0.001 -19"><span class='ocrx_word' id='word_1_46' title='bbox 367 920 539 982; x_wconf 78' lang='lat' dir='ltr'>decus</span> <span class='ocrx_word' id='word_1_47' title='bbox 558 942 624 981; x_wconf 82' lang='lat' dir='ltr'>nc</span> <span class='ocrx_word' id='word_1_48' title='bbox 644 922 812 982; x_wconf 91' lang='lat' dir='ltr'>robur</span> <span class='ocrx_word' id='word_1_49' title='bbox 841 921 976 994; x_wconf 67' lang='lat' dir='ltr'>fixit3</span> <span class='ocrx_word' id='word_1_50' title='bbox 1017 923 1384 1001; x_wconf 78' lang='lat' dir='ltr'>vixeruntque</span> <span class='ocrx_word' id='word_1_51' title='bbox 1407 921 1558 981; x_wconf 77' lang='lat' dir='ltr'>mira</span> 
     </span>
     <span class='ocr_line' id='line_1_11' title="bbox 367 1008 1549 1088; baseline -0.002 -22"><span class='ocrx_word' id='word_1_52' title='bbox 367 1010 686 1084; x_wconf 82' lang='lat' dir='ltr'>eoncordia,</span> <span class='ocrx_word' id='word_1_53' title='bbox 709 1028 806 1088; x_wconf 89' lang='lat' dir='ltr'>per</span> <span class='ocrx_word' id='word_1_54' title='bbox 820 1022 1059 1068; x_wconf 86' lang='lat' dir='ltr'>mutuam</span> <span class='ocrx_word' id='word_1_55' title='bbox 1075 1010 1372 1081; x_wconf 82' lang='lat' dir='ltr'>caritatem,</span> <span class='ocrx_word' id='word_1_56' title='bbox 1391 1022 1443 1065; x_wconf 90' lang='lat' dir='ltr'>et</span> <span class='ocrx_word' id='word_1_57' title='bbox 1459 1008 1549 1065; x_wconf 88' lang='lat' dir='ltr'>in-</span> 
     </span>
     <span class='ocr_line' id='line_1_12' title="bbox 367 1091 1550 1173; baseline -0.001 -21"><span class='ocrx_word' id='word_1_58' title='bbox 367 1094 541 1152; x_wconf 83' lang='lat' dir='ltr'>vicem</span> <span class='ocrx_word' id='word_1_59' title='bbox 556 1093 609 1152; x_wconf 87' lang='lat' dir='ltr'>se</span> <span class='ocrx_word' id='word_1_60' title='bbox 621 1093 1035 1172; x_wconf 86' lang='lat' dir='ltr'>anteponendo,</span> <span class='ocrx_word' id='word_1_61' title='bbox 1046 1091 1143 1152; x_wconf 85' lang='lat' dir='ltr'>nifi</span> <span class='ocrx_word' id='word_1_62' title='bbox 1161 1092 1336 1173; x_wconf 84' lang='lat' dir='ltr'>quod</span> <span class='ocrx_word' id='word_1_63' title='bbox 1321 1114 1379 1150; x_wconf 86' lang='lat' dir='ltr'>m</span> <span class='ocrx_word' id='word_1_64' title='bbox 1398 1095 1550 1151; x_wconf 85' lang='lat' dir='ltr'>bona</span> 
     </span>
     <span class='ocr_line' id='line_1_13' title="bbox 367 1175 1550 1257; baseline 0.002 -22"><span class='ocrx_word' id='word_1_65' title='bbox 367 1196 542 1235; x_wconf 86' lang='lat' dir='ltr'>uxore</span> <span class='ocrx_word' id='word_1_66' title='bbox 560 1192 720 1235; x_wconf 85' lang='lat' dir='ltr'>tanto</span> <span class='ocrx_word' id='word_1_67' title='bbox 730 1175 914 1253; x_wconf 75' lang='lat' dir='ltr'>niajor</span> <span class='ocrx_word' id='word_1_68' title='bbox 929 1177 1071 1250; x_wconf 74' lang='lat' dir='ltr'>laus,</span> <span class='ocrx_word' id='word_1_69' title='bbox 1094 1193 1304 1257; x_wconf 84' lang='lat' dir='ltr'>quanto</span> <span class='ocrx_word' id='word_1_70' title='bbox 1323 1179 1381 1235; x_wconf 89' lang='lat' dir='ltr'>in</span> <span class='ocrx_word' id='word_1_71' title='bbox 1404 1177 1550 1237; x_wconf 79' lang='lat' dir='ltr'>mala</span> 
     </span>
     <span class='ocr_line' id='line_1_14' title="bbox 363 1258 1550 1341; baseline 0.003 -23"><span class='ocrx_word' id='word_1_72' title='bbox 363 1263 484 1341; x_wconf 86' lang='lat' dir='ltr'>plus</span> <span class='ocrx_word' id='word_1_73' title='bbox 500 1260 684 1339; x_wconf 81' lang='lat' dir='ltr'>culpae</span> <span class='ocrx_word' id='word_1_74' title='bbox 706 1259 800 1320; x_wconf 88' lang='lat' dir='ltr'>est.</span> <span class='ocrx_word' id='word_1_75' title='bbox 846 1258 965 1319; x_wconf 76' lang='lat' dir='ltr'>ibrs</span> <span class='ocrx_word' id='word_1_76' title='bbox 986 1262 1298 1340; x_wconf 78' lang='lat' dir='ltr'>quaesturae</span> <span class='ocrx_word' id='word_1_77' title='bbox 1313 1264 1550 1341; x_wconf 84' lang='lat' dir='ltr'>provin-</span> 
     </span>
     <span class='ocr_line' id='line_1_15' title="bbox 362 1344 1548 1427; baseline 0.001 -21"><span class='ocrx_word' id='word_1_78' title='bbox 362 1348 501 1407; x_wconf 83' lang='lat' dir='ltr'>ciam</span> <span class='ocrx_word' id='word_1_79' title='bbox 517 1345 719 1422; x_wconf 88' lang='lat' dir='ltr'>Afiam,</span> <span class='ocrx_word' id='word_1_80' title='bbox 744 1344 1124 1427; x_wconf 81' lang='lat' dir='ltr'>proconsulem</span> <span class='ocrx_word' id='word_1_81' title='bbox 1139 1347 1378 1408; x_wconf 84' lang='lat' dir='ltr'>Salvium</span> <span class='ocrx_word' id='word_1_82' title='bbox 1392 1350 1548 1408; x_wconf 84' lang='lat' dir='ltr'>Titi·</span> 
     </span>
     <span class='ocr_line' id='line_1_16' title="bbox 360 1433 1546 1515; baseline -0.002 -19"><span class='ocrx_word' id='word_1_83' title='bbox 360 1453 531 1496; x_wconf 79' lang='lat' dir='ltr'>anum</span> <span class='ocrx_word' id='word_1_84' title='bbox 552 1433 702 1495; x_wconf 86' lang='lat' dir='ltr'>dedit</span> <span class='ocrx_word' id='word_1_85' title='bbox 717 1475 737 1508; x_wconf 91' lang='lat'>,</span> <span class='ocrx_word' id='word_1_86' title='bbox 770 1453 1007 1515; x_wconf 87' lang='lat' dir='ltr'>quorum</span> <span class='ocrx_word' id='word_1_87' title='bbox 1030 1449 1230 1494; x_wconf 86' lang='lat' dir='ltr'>neutro</span> <span class='ocrx_word' id='word_1_88' title='bbox 1252 1453 1546 1515; x_wconf 76' lang='lat' dir='ltr'>corruptus</span> 
     </span>
     <span class='ocr_line' id='line_1_17' title="bbox 359 1518 1548 1601; baseline -0.002 -20"><span class='ocrx_word' id='word_1_89' title='bbox 359 1518 435 1581; x_wconf 81' lang='lat' dir='ltr'>est</span> <span class='ocrx_word' id='word_1_90' title='bbox 453 1543 470 1578; x_wconf 73' lang='grc' dir='ltr'>ι</span> <span class='ocrx_word' id='word_1_91' title='bbox 486 1539 816 1600; x_wconf 79' lang='lat' dir='ltr'>quamquam</span> <span class='ocrx_word' id='word_1_92' title='bbox 833 1534 889 1579; x_wconf 89' lang='lat' dir='ltr'>et</span> <span class='ocrx_word' id='word_1_93' title='bbox 903 1522 1187 1600; x_wconf 83' lang='lat' dir='ltr'>provincia</span> <span class='ocrx_word' id='word_1_94' title='bbox 1201 1519 1355 1582; x_wconf 73' lang='lat' dir='ltr'>dives</span> <span class='ocrx_word' id='word_1_95' title='bbox 1370 1542 1432 1581; x_wconf 83' lang='lat' dir='ltr'>ac</span> <span class='ocrx_word' id='word_1_96' title='bbox 1446 1542 1548 1601; x_wconf 86' lang='lat' dir='ltr'>pa-</span> 
     </span>
     <span class='ocr_line' id='line_1_18' title="bbox 359 1605 1547 1685; baseline -0.001 -19"><span class='ocrx_word' id='word_1_97' title='bbox 359 1620 479 1666; x_wconf 81' lang='lat' dir='ltr'>rata</span> <span class='ocrx_word' id='word_1_98' title='bbox 500 1607 851 1685; x_wconf 70' lang='lat' dir='ltr'>peccantibus</span> <span class='ocrx_word' id='word_1_99' title='bbox 867 1648 910 1682; x_wconf 83' lang='lat'>,.</span> <span class='ocrx_word' id='word_1_100' title='bbox 929 1621 988 1665; x_wconf 89' lang='lat' dir='ltr'>et</span> <span class='ocrx_word' id='word_1_101' title='bbox 1017 1605 1310 1683; x_wconf 87' lang='lat' dir='ltr'>proconsul</span> <span class='ocrx_word' id='word_1_102' title='bbox 1339 1610 1396 1665; x_wconf 90' lang='lat' dir='ltr'>in</span> <span class='ocrx_word' id='word_1_103' title='bbox 1422 1627 1547 1665; x_wconf 89' lang='lat' dir='ltr'>orn-</span> 
     </span>
     <span class='ocr_line' id='line_1_19' title="bbox 357 1690 1545 1769; baseline -0.002 -20"><span class='ocrx_word' id='word_1_104' title='bbox 357 1712 482 1751; x_wconf 87' lang='lat' dir='ltr'>nem</span> <span class='ocrx_word' id='word_1_105' title='bbox 505 1691 818 1752; x_wconf 81' lang='lat' dir='ltr'>aviditatem</span> <span class='ocrx_word' id='word_1_106' title='bbox 842 1711 1075 1769; x_wconf 83' lang='lat' dir='ltr'>pronus,</span> <span class='ocrx_word' id='word_1_107' title='bbox 1098 1690 1434 1769; x_wconf 72' lang='lat' dir='ltr'>quantalibet</span> <span class='ocrx_word' id='word_1_108' title='bbox 1457 1691 1545 1747; x_wconf 82' lang='lat' dir='ltr'>fa·</span> 
     </span>
     <span class='ocr_line' id='line_1_20' title="bbox 356 1772 1542 1851; baseline -0.003 -17"><span class='ocrx_word' id='word_1_109' title='bbox 356 1776 557 1834; x_wconf 83' lang='lat' dir='ltr'>cilitate</span> <span class='ocrx_word' id='word_1_110' title='bbox 579 1774 957 1851; x_wconf 81' lang='lat' dir='ltr'>redempturus</span> <span class='ocrx_word' id='word_1_111' title='bbox 979 1772 1108 1833; x_wconf 81' lang='lat' dir='ltr'>effer</span> <span class='ocrx_word' id='word_1_112' title='bbox 1128 1791 1367 1832; x_wconf 81' lang='lat' dir='ltr'>mutuam</span> <span class='ocrx_word' id='word_1_113' title='bbox 1398 1773 1542 1832; x_wconf 75' lang='lat' dir='ltr'>diff·</span> 
     </span>
     <span class='ocr_line' id='line_1_21' title="bbox 353 1858 1560 1931; baseline 0 -11"><span class='ocrx_word' id='word_1_114' title='bbox 353 1859 704 1920; x_wconf 81' lang='lat' dir='ltr'>mulationem</span> <span class='ocrx_word' id='word_1_115' title='bbox 723 1859 870 1917; x_wconf 82' lang='lat' dir='ltr'>mali.</span> <span class='ocrx_word' id='word_1_116' title='bbox 917 1863 1102 1916; x_wconf 65' lang='lat' dir='ltr'>anetus</span> <span class='ocrx_word' id='word_1_117' title='bbox 1126 1858 1198 1918; x_wconf 86' lang='lat' dir='ltr'>est</span> <span class='ocrx_word' id='word_1_118' title='bbox 1221 1862 1295 1917; x_wconf 91' lang='lat' dir='ltr'>ibi</span> <span class='ocrx_word' id='word_1_119' title='bbox 1318 1858 1450 1931; x_wconf 84' lang='lat' dir='ltr'>filia,</span> <span class='ocrx_word' id='word_1_120' title='bbox 1476 1862 1560 1921; x_wconf 81' lang='lat' dir='ltr'>in·</span> 
     </span>
     <span class='ocr_line' id='line_1_22' title="bbox 354 1942 1544 2016; baseline -0.003 -9"><span class='ocrx_word' id='word_1_121' title='bbox 354 1942 638 2008; x_wconf 71' lang='lat' dir='ltr'>subsidium</span> <span class='ocrx_word' id='word_1_122' title='bbox 655 1961 712 2001; x_wconf 91' lang='lat' dir='ltr'>et</span> <span class='ocrx_word' id='word_1_123' title='bbox 725 1943 972 2002; x_wconf 81' lang='lat' dir='ltr'>solatium</span> <span class='ocrx_word' id='word_1_124' title='bbox 996 1943 1180 2016; x_wconf 80' lang='lat' dir='ltr'>fimul3</span> <span class='ocrx_word' id='word_1_125' title='bbox 1212 1964 1338 2002; x_wconf 84' lang='lat' dir='ltr'>narn</span> <span class='ocrx_word' id='word_1_126' title='bbox 1362 1944 1544 2006; x_wconf 85' lang='lat' dir='ltr'>filium</span> 
     </span>
     <span class='ocr_line' id='line_1_23' title="bbox 355 2029 1546 2105; baseline -0.002 -13"><span class='ocrx_word' id='word_1_127' title='bbox 355 2047 481 2092; x_wconf 82' lang='lat' dir='ltr'>ante</span> <span class='ocrx_word' id='word_1_128' title='bbox 502 2029 787 2105; x_wconf 82' lang='lat' dir='ltr'>sublatum,</span> <span class='ocrx_word' id='word_1_129' title='bbox 814 2030 967 2088; x_wconf 82' lang='lat' dir='ltr'>brevi</span> <span class='ocrx_word' id='word_1_130' title='bbox 997 2029 1188 2090; x_wconf 83' lang='lat' dir='ltr'>amifit.</span> <span class='ocrx_word' id='word_1_131' title='bbox 1232 2050 1372 2090; x_wconf 81' lang='lat' dir='ltr'>mox</span> <span class='ocrx_word' id='word_1_132' title='bbox 1395 2033 1546 2091; x_wconf 84' lang='lat' dir='ltr'>inter</span> 
     </span>
     <span class='ocr_line' id='line_1_24' title="bbox 355 2115 1545 2198; baseline 0 -21"><span class='ocrx_word' id='word_1_133' title='bbox 355 2115 710 2198; x_wconf 82' lang='lat' dir='ltr'>quaesturam,</span> <span class='ocrx_word' id='word_1_134' title='bbox 726 2137 789 2175; x_wconf 83' lang='lat' dir='ltr'>ac</span> <span class='ocrx_word' id='word_1_135' title='bbox 806 2119 1141 2175; x_wconf 79' lang='lat' dir='ltr'>tribunatum</span> <span class='ocrx_word' id='word_1_136' title='bbox 1159 2117 1355 2196; x_wconf 81' lang='lat' dir='ltr'>plebis,</span> <span class='ocrx_word' id='word_1_137' title='bbox 1375 2132 1545 2197; x_wconf 79' lang='lat' dir='ltr'>atque</span> 
     </span>
     <span class='ocr_line' id='line_1_25' title="bbox 351 2200 1542 2283; baseline 0.001 -21"><span class='ocrx_word' id='word_1_138' title='bbox 351 2207 514 2262; x_wconf 81' lang='lat' dir='ltr'>etiam</span> <span class='ocrx_word' id='word_1_139' title='bbox 553 2200 723 2283; x_wconf 88' lang='lat' dir='ltr'>ipsum</span> <span class='ocrx_word' id='word_1_140' title='bbox 762 2202 1066 2270; x_wconf 69' lang='lat' dir='ltr'>tribunatus</span> <span class='ocrx_word' id='word_1_141' title='bbox 1101 2223 1310 2261; x_wconf 79' lang='lat' dir='ltr'>annum</span> <span class='ocrx_word' id='word_1_142' title='bbox 1349 2206 1542 2283; x_wconf 84' lang='lat' dir='ltr'>quiete</span> 
     </span>
     <span class='ocr_line' id='line_1_26' title="bbox 349 2286 1543 2365; baseline 0.001 -20"><span class='ocrx_word' id='word_1_143' title='bbox 349 2304 407 2345; x_wconf 80' lang='lat' dir='ltr'>et</span> <span class='ocrx_word' id='word_1_144' title='bbox 428 2293 551 2348; x_wconf 80' lang='lat' dir='ltr'>otio</span> <span class='ocrx_word' id='word_1_145' title='bbox 575 2287 781 2363; x_wconf 69' lang='lat' dir='ltr'>transit,</span> <span class='ocrx_word' id='word_1_146' title='bbox 806 2308 1010 2365; x_wconf 83' lang='lat' dir='ltr'>gnarus</span> <span class='ocrx_word' id='word_1_147' title='bbox 1037 2286 1133 2346; x_wconf 85' lang='lat' dir='ltr'>sub</span> <span class='ocrx_word' id='word_1_148' title='bbox 1155 2295 1379 2348; x_wconf 88' lang='lat' dir='ltr'>Nerone</span> <span class='ocrx_word' id='word_1_149' title='bbox 1395 2302 1543 2346; x_wconf 86' lang='lat' dir='ltr'>tem-</span> 
     </span>
     <span class='ocr_line' id='line_1_27' title="bbox 348 2372 1533 2453; baseline 0.003 -27"><span class='ocrx_word' id='word_1_150' title='bbox 348 2391 570 2446; x_wconf 82' lang='lat' dir='ltr'>porum,</span> <span class='ocrx_word' id='word_1_151' title='bbox 589 2376 813 2452; x_wconf 84' lang='lat' dir='ltr'>quibus</span> <span class='ocrx_word' id='word_1_152' title='bbox 800 2375 991 2433; x_wconf 83' lang='lat' dir='ltr'>mertia</span> <span class='ocrx_word' id='word_1_153' title='bbox 1005 2394 1108 2453; x_wconf 86' lang='lat' dir='ltr'>pro</span> <span class='ocrx_word' id='word_1_154' title='bbox 1127 2374 1384 2452; x_wconf 80' lang='lat' dir='ltr'>sapientia</span> <span class='ocrx_word' id='word_1_155' title='bbox 1399 2372 1533 2434; x_wconf 71' lang='lat' dir='ltr'>fuit.</span> 
     </span>
     <span class='ocr_line' id='line_1_28' title="bbox 345 2453 1538 2539; baseline 0.009 -27"><span class='ocrx_word' id='word_1_156' title='bbox 345 2453 490 2516; x_wconf 86' lang='lat' dir='ltr'>idem</span> <span class='ocrx_word' id='word_1_157' title='bbox 505 2474 791 2538; x_wconf 83' lang='lat' dir='ltr'>praeturae</span> <span class='ocrx_word' id='word_1_158' title='bbox 814 2475 996 2539; x_wconf 83' lang='lat' dir='ltr'>tenor,</span> <span class='ocrx_word' id='word_1_159' title='bbox 1019 2477 1074 2521; x_wconf 86' lang='lat' dir='ltr'>et</span> <span class='ocrx_word' id='word_1_160' title='bbox 1095 2458 1388 2524; x_wconf 73' lang='lat' dir='ltr'>silentium·</span> <span class='ocrx_word' id='word_1_161' title='bbox 1372 2503 1392 2534; x_wconf 82' lang='lat'><em>,</em></span> <span class='ocrx_word' id='word_1_162' title='bbox 1426 2479 1538 2523; x_wconf 80' lang='lat' dir='ltr'>neo</span> 
     </span>
    </p>
   </div>
  </div>
 </body>
</html>
