1759 2992
375 95 491 168 ¹43
570 103 1371 157 c.eonuat.11·rAct·rt
1711 0 1721 271 1

360 193 685 252 vulneribus
709 190 1104 270 tranlignntur.
1167 192 1256 254 sed
1278 211 1334 255 ct
1368 192 1438 255 de
1455 213 1542 254 re·

361 276 728 337 conciliandis
756 278 1000 338 invicem
1030 281 1297 355 inimicis,
1333 296 1387 342 et
1410 282 1545 360 jun·

359 383 465 439 gen
473 362 558 421 dis
572 362 949 432 affinitatibus,
959 382 1014 423 et
1026 363 1382 426 adsciscendis
1396 368 1549 445 prin·

358 450 594 529 cipibus,
627 447 696 506 dc
722 469 856 528 pace
884 448 1125 528 denique
1156 471 1220 510 ac
1252 453 1395 512 bello
1434 452 1548 533 ple·

353 536 589 611 tumque
618 534 674 591 in
700 536 973 594 conviviis
1008 534 1362 595 consultant:
1408 553 1550 597 tam·

355 638 522 699 quam
553 618 707 677 nullo
730 621 907 698 magis
933 633 1177 698 tempore
1212 636 1306 679 aut
1329 622 1398 679 ad
1420 621 1551 682 fim-

355 705 525 787 plices
558 706 921 782 cogitationes
946 719 1130 783 pateat
1156 706 1402 778 animus,
1443 721 1546 766 aut

355 789 425 850 ad
447 810 677 868 magnas
700 790 1010 853 incalescat.
1069 811 1206 869 gens
1229 811 1343 849 non
1368 789 1543 851 astuta

356 897 460 937 nec
491 877 710 952 callida,
740 880 916 958 aperit
943 876 1118 938 adhuc
1138 876 1334 938 secreta
1358 882 1543 956 pefto·

357 965 435 1022 ris
468 963 691 1024 licentia
716 963 848 1024 loci.
910 985 1044 1043 ergo
1081 964 1285 1023 detecta
1313 976 1368 1021 ct
1396 962 1547 1024 nuda

355 1052 609 1108 omnium
638 1069 795 1107 mens
826 1048 1038 1128 postera
1062 1049 1152 1108 die
1184 1052 1505 1108 retmciatur
1524 1070 1543 1109 ε

352 1147 410 1190 et
427 1131 571 1191 {alva
588 1131 868 1210 utriusque
881 1133 1147 1212 temporis
1163 1135 1303 1190 ratio
1321 1131 1413 1191 est.
1444 1133 1542 1191 de·

351 1214 586 1278 liberant
613 1216 743 1276 dum
777 1217 984 1294 fingere
1015 1214 1298 1276 nesciunt=
1337 1216 1540 1277 consti-

349 1316 512 1361 tuunt
535 1301 666 1363 dum
689 1322 864 1361 errare
888 1323 1011 1385 non,
1033 1299 1280 1379 poss'unt.
1369 1306 1534 1364 Potui
1553 1326 1591 1369 2
1599 1325 1637 1385 3

351 1392 554 1450 humor
575 1408 647 1448 ex
661 1389 832 1448 ordeo
855 1403 950 1447 aut
965 1386 1268 1463 frumento,
1290 1389 1350 1448 in
1368 1408 1544 1469 quan·

355 1474 481 1535 dam
497 1473 897 1535 similitudinem
911 1477 1029 1534 vini
1054 1489 1371 1554 corruptus.
1414 1495 1543 1556 pro·

352 1562 495 1622 'ximi
526 1563 698 1642 ripae,
725 1576 779 1620 et
806 1563 1005 1620 vinum
1037 1574 1370 1620 mercantur.
1432 1563 1543 1622 cibi

355 1647 638 1728 fimplices,
655 1645 874 1724 agrestia
891 1667 1075 1727 poma,
1092 1665 1283 1705 recens
1300 1645 1427 1713 fera,
1441 1660 1537 1703 aut

354 1733 441 1794 lac
459 1750 798 1794 concretum.
831 1730 944 1791 fine
959 1746 1236 1811 apparatu,
1254 1728 1362 1788 fine
1376 1729 1532 1788 blan·

353 1818 621 1878 diruentis
636 1818 924 1896 expellunt
944 1818 1167 1885 famem3
1198 1811 1447 1875 adversus
1467 1814 1534 1874 fi-

351 1906 477 1978 tim,
494 1925 608 1964 non
623 1906 807 1964 eadem
824 1903 1199 1984 temperantia.
1246 1898 1285 1959 si
1302 1897 1535 1960 indulse-

352 1991 430 2051 ris
446 1991 719 2065 ebrietati,
749 1988 1085 2067 suggerendo
1101 2001 1370 2067 quantum
1395 2007 1536 2048 con·

348 2074 674 2157 cupistunt,
730 2075 873 2134 haud
911 2077 1097 2134 minus
1134 2071 1297 2133 facile
1344 2074 1538 2149 vitiis,

351 2183 517 2242 quam
535 2163 697 2221 armis
718 2204 736 2234 ,
757 2163 1070 2220 vincentur.
1160 2166 1350 2219 Genus
1384 2158 1530 2240 spec·
1546 2178 1634 2239 24

346 2247 655 2308 taculorum
684 2267 858 2305 unum
891 2262 1057 2326 atque
1092 2249 1153 2306 in
1188 2248 1345 2306 omni
1375 2261 1538 2307 coetu

344 2329 507 2389 idem.
556 2333 724 2391 nudi
699 2352 960 2408 juvenes,
977 2334 1182 2411 quibus
1198 2332 1253 2391 id
1265 2329 1536 2392 ludicrum

338 2408 438 2482 ³est,
480 2417 630 2476 inter
663 2417 874 2495 gladios
906 2417 960 2479 se
989 2433 1154 2499 atque
1176 2415 1393 2479 infestas
1417 2415 1532 2479 fra·
