1759 2992
363 115 483 170 272
619 112 712 154 »a
750 103 1270 153 oxa-ronnus

354 198 540 254 minus
559 194 877 273 prudentiae
905 195 1204 271 exigentes,
1233 190 1408 270 pueris
1438 185 1536 248 de'-

353 279 645 355 legantur-3
696 277 1102 338 controversiae
1143 276 1539 336 robustioribus

354 364 686 441 affignantur
699 406 719 437 ,
746 364 932 442 quales
947 385 1046 442 per
1069 362 1226 422 fidem
1243 406 1260 435 ,
1298 377 1352 420 et
1375 381 1542 440 quam

353 449 745 509 incredibiliter
773 447 1135 526 compofitae!
1181 447 1424 527 sequitur
1447 465 1544 504 au-

352 552 465 593 tem
506 550 568 591 ut
605 536 861 593 materiae
899 535 1217 591 abhorrenti
1249 554 1280 591 a
1313 532 1550 594 veritate

351 618 675 678 declamatio
704 635 930 696 quoque
966 617 1307 677 adhibeatur.
1367 616 1443 675 fic
1481 617 1555 675 fit

353 719 416 763 ut
452 704 915 782 tyrannicidarum
955 705 1227 783 praemia,
1271 717 1367 759 aut
1407 704 1552 760 viti-

355 805 569 851 atat-um
606 790 898 849 electiones
917 832 934 859 ,
957 805 1062 870 *aut
1092 787 1426 869 pestilentiae
1456 807 1549 846 re·

359 876 539 937 media
558 918 580 952 ‚
614 891 709 935 aut
743 875 942 936 incesta
964 892 1224 950 matrum,
1259 889 1353 933 aut
1381 874 1553 951 quid-

362 962 497 1042 quid
517 966 579 1021 in
611 961 790 1023 schola
809 960 1057 1042 quotidie
1079 964 1289 1039 agitur;
1332 963 1390 1018 in
1418 958 1552 1018 foro

362 1049 451 1108 vel
483 1068 609 1107 raro
644 1069 984 1126 numquam,
1023 1049 1336 1127 ingentibus
1370 1047 1552 1105 verbis

361 1131 785 1211 persequantur:
838 1152 964 1191 cum
1008 1133 1077 1190 ad
1126 1152 1287 1191 veros
1329 1132 1555 1207 judices

363 1232 589 1277 ventum
613 1215 686 1274 est
709 1235 818 1274 rem
844 1218 1121 1291 cogitare,
1157 1214 1294 1273 nihil
1319 1216 1555 1283 humile,

357 1301 500 1360 nihil
514 1300 778 1376 abjectum
794 1299 979 1378 eloqui
998 1315 1237 1379 poterat.
1327 1305 1543 1376 Magna
1562 1311 1647 1389 36

357 1383 696 1465 eloquentia,
719 1382 854 1445 ficut
867 1387 1083 1446 flamma
1108 1385 1335 1447 materia
1358 1385 1555 1461 alitur,

361 1487 420 1534 et
441 1474 683 1531 motibus
712 1474 1004 1542 excitatur,
1032 1488 1091 1532 et
1117 1472 1332 1533 urendo
1361 1470 1554 1530 clares-

360 1560 461 1620 cit.
504 1557 690 1618 eadem
710 1559 853 1618 ratio
877 1561 937 1618 in
964 1557 1395 1639 nostrarumque
1418 1558 1556 1617 civi-

365 1658 482 1705 tate
504 1646 861 1726 antiquorum
874 1645 1249 1726 eloquentia-m
1273 1645 1554 1724 provexit.

369 1750 499 1790 nam
523 1726 618 1789 etli
641 1733 838 1789 horum
864 1749 1089 1810 quoque
1103 1744 1412 1810 temporum
1430 1748 1557 1788 ora·

365 1829 518 1874 tores
540 1834 603 1873 ea
625 1814 905 1874 consecuti
927 1814 1075 1889 sunt,
1100 1834 1239 1893 quae
1252 1812 1562 1893 compofita

365 1914 424 1959 et
445 1900 631 1978 quieta
650 1913 709 1957 et
729 1900 884 1957 beata
904 1897 1181 1976 republica
1202 1900 1369 1957 tribui
1391 1896 1477 1956 faa
1495 1919 1563 1957 e-

369 1998 483 2045 rat:
509 1999 693 2042 tamen
709 1982 802 2043 ista
824 1985 1237 2061 perturbatione
1252 2004 1314 2042 ac
1329 1983 1561 2045 licentia

372 2071 528 2152 plura
549 2068 642 2131 libi
660 2068 858 2149 assequi
880 2068 1228 2145 videbantur,
1258 2089 1384 2129 eum
1408 2072 1560 2129 mix·

372 2159 449 2215 tis
471 2158 731 2215 omnibus
762 2171 818 2213 et
845 2154 1195 2216 moderatore
1215 2174 1331 2215 uno
1364 2175 1560 2216 caren-

374 2245 562 2315 tibus,
604 2255 815 2300 tantum
855 2239 1084 2320 quisque
1119 2256 1307 2301 orator
1330 2239 1558 2321 saperet,

372 2342 638 2403 quantum
661 2328 858 2385 erranti
884 2326 1092 2406 populo
1125 2325 1426 2406 persuaderi
1454 2346 1560 2405 po·

374 2424 531 2471 terat.
579 2414 708 2471 hinc
727 2411 871 2490 leges
894 2410 1138 2482 affiduae,
1162 2411 1423 2493 populare
1452 2432 1562 2473 no-
