1759 2992
421 130 637 179 ,ιυιιι
679 127 1201 173 nomenti-tn.
1298 111 1415 182 187

229 206 289 270 su
297 229 390 286 per
402 213 656 269 virtutem
670 208 1175 286 hostium‚locornm
1192 224 1420 287 quoque

145 323 172 366 1
185 294 578 366 8difficultates
589 296 876 356 eluctatus,
931 302 1095 355 Hunc
1107 295 1417 354 Britanniae

228 380 424 440 statum
445 426 464 457 ‚
510 385 607 441 has
632 382 901 443 bellorum
923 384 1067 443 vices
1091 381 1266 441 media
1293 381 1416 457 jam

227 465 429 526 aestate
465 467 811 546 transgreffus
844 468 1103 546 Agricola
1144 469 1361 527 invenit
1391 504 1415 539 ,

228 573 359 612 cum
382 570 435 614 et
456 554 656 614 milites
672 555 824 615 velut
839 554 1029 615 omiffa
1058 552 1418 633 expeditione

225 637 300 697 ad
323 638 682 715 securitatem,
706 657 764 699 et
787 640 964 700 hostes
986 640 1053 699 ad
1076 637 1414 700 occafionem

225 739 593 786 verterentur.
657 727 994 786 Ordovicum
1030 729 1226 785 civitas
1265 722 1414 783 haud

224 809 403 870 multo
419 828 546 871 ante
562 811 855 872 adventum
878 814 1021 890 ejus,
1042 812 1180 870 alam
1202 812 1261 868 in
1285 808 1415 868 fini-

225 897 332 954 bus
357 895 464 955 suis
484 912 753 973 agentem,
783 917 959 975 prope
981 895 1285 956 universam
1310 896 1413 954 ob·

225 983 458 1041 triverat
474 1004 493 1041 z
525 1002 704 1061 eoque
717 984 886 1040 initio
908 987 1081 1042 erecta
1100 981 1409 1060 provincia,

225 1081 290 1128 ut
313 1069 511 1146 quibus
534 1068 733 1128 bellum
757 1068 1070 1128 volentibus
1103 1082 1242 1140 erat,
1280 1084 1414 1146 pro·

225 1155 354 1213 bare
368 1155 699 1236 exemplum,
728 1169 823 1213 aut
841 1155 1077 1215 recentis
1098 1153 1262 1231 legati
1287 1153 1411 1212 ani-

223 1260 373 1300 mum
388 1243 645 1321 opperiri.
668 1255 785 1300 tum
798 1240 1411 1320 Agricola‚quamquam

223 1325 491 1387 transacta
513 1326 711 1401 aestas,
748 1324 904 1404 sparsi
940 1347 1035 1406 per
1064 1326 1409 1404 provinciam

224 1414 461 1485 numeri,
483 1410 821 1491 praesumpta
843 1412 988 1491 apud
1008 1412 1241 1472 militem
1258 1409 1426 1468 illius·

227 1499 360 1557 anni
379 1498 556 1575 quies,
580 1495 731 1555 tarda
743 1511 799 1554 et
812 1500 1090 1556 contraria
1103 1494 1304 1555 bellum
1319 1495 1407 1552 in-

227 1587 515 1651 choaturo,
542 1596 596 1640 et
621 1579 888 1659 plerisque
900 1580 1154 1640 custodiri
1177 1578 1411 1658 suspecta

227 1671 416 1747 potius
442 1667 747 1738 videbatur,
770 1670 851 1726 ire
871 1669 1092 1727 obviam
1115 1663 1410 1725 discrimini

227 1753 409 1814 statuit
425 1775 443 1812 e
467 1751 861 1833 contractisque
877 1752 1154 1830 legionum
1171 1749 1425 1819 vexillis,-

228 1854 286 1900 ct
297 1840 510 1899 modica
528 1839 854 1899 auxiliorum
873 1860 1062 1913 manu,
1088 1839 1219 1918 quia
1242 1838 1300 1896 in
1320 1856 1410 1896 ae·

229 1945 397 2005 quum
413 1925 632 2001 degredi
652 1926 955 1986 Ordovices
975 1946 1092 1985 non
1116 1923 1412 1995 audebant,

229 2010 338 2089 ipse
363 2026 494 2069 ante
527 2032 720 2088 agmen
740 2055 759 2085 ,
797 2032 913 2090 quo
949 2014 1142 2072 ceteris
1172 2030 1270 2088 par
1291 2009 1410 2069 ani-

230 2117 350 2156 mus
382 2094 532 2155 fimili
558 2096 800 2175 periculo
822 2096 970 2170 effer,
998 2097 1173 2154 erexit
1198 2096 1368 2153 aciem
1390 2115 1411 2164 ς

231 2179 482 2257 caesaque
515 2201 686 2258 prope
710 2180 957 2238 universa
979 2195 1161 2257 gente,
1191 2198 1307 2238 non
1331 2181 1416 2257 ig-

232 2285 395 2327 narus
421 2264 727 2324 instandum
754 2264 942 2336 famae,
969 2286 1031 2323 ac
1053 2277 1220 2343 prout
1240 2266 1418 2342 prima

235 2347 485 2413 cessiffent
498 2350 615 2409 fore
633 2350 880 2409 universa
887 2372 906 2421 ;
921 2356 1018 2409 Mo
1026 2371 1149 2411 nam
1168 2349 1415 2420 insulam,

235 2438 390 2520 cujus
419 2434 729 2519 poffeffione
755 2453 1073 2502 revocatum
1110 2436 1416 2516 Baullinum
