1759 2992
443 184 532 225 nn
569 179 1224 240 nonensem-:nm
1319 178 1444 248 εἰς
1555 176 1564 195 ⁴

264 263 430 326 sactis
452 263 642 338 adeffc,
679 279 774 324 aut
803 263 1097 324 concilium
1120 264 1262 323 inire
1283 263 1446 340 igno·

265 350 507 411 minioso
521 350 605 410 fas
619 373 637 422 3
679 353 943 429 multique
960 348 1261 428 superstites
1275 349 1444 408 bello·

227 456 261 513 7
278 457 420 506 rum,
452 437 729 497 infamiam
750 438 952 519 laqueo
970 434 1251 495 finierunt.
1340 441 1447 494 Re-

263 544 358 599 ges
382 543 451 581 cx
473 523 789 596 nobilitate-3
836 522 1002 582 duces
1026 542 1099 581 ex
1130 526 1337 581 virtute
1360 519 1445 580 su-

262 624 443 670 munt.
468 632 572 669 nee
592 613 808 689 regibus
828 610 1039 668 infinita
1055 624 1148 668 aut
1162 610 1326 669 libera
1344 627 1445 687 po-

165 719 185 733 ·
262 695 454 768 testas;
507 713 562 756 et
597 697 760 757 duces
790 696 1042 774 exemplo
1069 697 1250 771 potius
1280 715 1445 772 quam

260 783 515 861 imperio,
545 782 585 841 fi
610 786 871 861 prompti,
897 781 931 840 fi
951 780 1226 857 conspicui
1242 803 1259 838 ε
1285 780 1323 839 fi
1346 802 1454 839 an·

265 882 320 925 te
353 870 521 925 aciem
554 883 738 942 agant,
778 868 1139 925 admiratione
1170 864 1443 942 praesunt.

268 967 508 1009 ceterum
550 971 727 1027 neque
762 950 1215 1022 animadvertere,
1269 969 1451 1028 neque

271 1038 506 1106 vincire,
528 1055 705 1114 neque
717 1039 1002 1094 verberare
1019 1034 1237 1113 quidem
1254 1033 1353 1092 nifi
1372 1033 1459 1092 sa·

269 1120 581 1182 eet-dotibus
600 1121 931 1201 permiffiunz
948 1142 1061 1179 non
1082 1117 1229 1199 quati
1245 1122 1304 1179 in
1322 1140 1452 1200 poe·
1471 1122 1532 1185 V

265 1228 395 1268 nam
419 1227 522 1267 nec
545 1209 699 1267 ducis
722 1207 891 1286 juss'u,
928 1206 1014 1267 sed
1040 1209 1192 1266 velut
1218 1206 1325 1267 deo
1346 1210 1456 1267 im-

265 1309 510 1372 perante,
559 1315 723 1374 quem
766 1293 940 1354 adeffie
968 1295 1294 1354 bellantibus
1331 1314 1452 1355 cre·

267 1379 435 1437 dunt:
472 1380 797 1459 effigiesque,
829 1398 882 1439 et
910 1381 1056 1456 figna
1073 1381 1337 1458 quaedam
1355 1381 1455 1438 de·

271 1468 441 1522 tracta
459 1465 592 1523 lucis
610 1468 667 1524 in
687 1467 956 1541 proelium
971 1465 1177 1525 ferunt.
1195 1466 1456 1544 quodque

270 1551 618 1629 praecipuum
657 1550 1001 1608 fortitudinis
1038 1553 1456 1609 incitamentum

270 1634 368 1708 est,
392 1655 510 1695 non
532 1634 699 1706 casus,
728 1656 827 1694 nec
849 1634 1074 1694 fortuita
1098 1634 1457 1711 conglobatio

270 1738 507 1781 mrmam
538 1738 633 1781 aut
655 1743 892 1782 cuneum
915 1720 1072 1794 facit,
1113 1720 1198 1781 sed
1223 1721 1460 1781 familiae

268 1824 323 1868 et
347 1811 795 1888 propinquitates
806 1834 824 1881 ;
871 1826 928 1869 et
957 1811 1014 1868 in
1055 1808 1314 1888 proximo
1338 1811 1457 1886 pig-

268 1916 410 1954 nora
446 1895 591 1954 unde
616 1895 943 1956 feminarum
982 1894 1221 1955 ululatus
1255 1895 1455 1965 audiri,

268 1979 417 2040 unde
438 1985 655 2059 vagitus
678 1982 1000 2054 infantiutm
1041 1984 1095 2040 hi
1115 1985 1314 2060 cuique
1338 1981 1455 2040 san·

272 2066 475 2124 &immi
498 2067 673 2138 testea,
693 2072 747 2126 bi
767 2071 993 2127 maximi
1016 2067 1348 2126 laudatores.
1388 2065 1460 2125 ad

275 2164 497 2220 matres,
511 2151 577 2210 ad
591 2155 860 2228 conjuges
875 2153 1099 2210 vulnera
1114 2150 1302 2209 ferunt
1315 2172 1332 2209 z
1357 2171 1464 2211 nec

276 2232 398 2292 illae
421 2226 726 2309 numerare,
743 2252 839 2295 aut
857 2235 1142 2314 exsurgere
1165 2235 1348 2315 plagas
1367 2257 1461 2316 pa·
1487 2250 1522 2306 gt

277 2334 436 2380 vent.
484 2320 741 2401 cibosque
762 2338 819 2381 et
837 2324 1145 2381 hortamina
1163 2343 1384 2401 pugnan
1392 2326 1462 2382 ti·

237 2397 271 2455 8
286 2409 389 2465 bus
403 2405 635 2486 gestant.
699 2410 999 2467 Memoriae
1014 2408 1286 2489 proditur,
1305 2408 1462 2489 quas·

276 2493 403 2555 dam
439 2496 582 2557 acies
605 2480 890 2557 iudanam
915 2495 1037 2575 jam
1066 2512 1124 2557 et
1148 2496 1392 2560 mantes
1427 2517 1463 2555 a
