1759 2992
350 138 941 185 maronianum
988 139 1128 184 ιη.
1166 141 1264 184 tv.
1333 118 1428 200 4'7

229 229 467 288 tentiam
482 228 838 306 rogabantur,
860 225 880 257 ‘
903 233 1058 286 Deos
1076 223 1232 286 testes
1249 225 1428 285 advo·

230 316 505 390 ‘eabann
542 315 681 376 nihil
700 333 807 392 ope
828 310 923 372 sua
936 312 1162 390 factum,
1199 333 1315 393 quo
1330 333 1430 374 cn-

232 402 255 434 ‘
270 401 340 479 =ju
348 399 533 482 squam
545 399 682 460 salus
696 399 1204 480 laederetur,neque
1213 397 1266 459 se
1275 418 1432 480 prae-

233 489 453 548 ‘mium
477 504 572 548 aut
588 492 860 548 honorem
876 507 951 548 ex
964 488 1268 547 calamitate
1285 487 1432 547 civi-

234 575 374 634 ‘um
374 573 640 659 cepiffiest
597 620 616 649 ,
673 576 927 655 trepidis,
947 589 1004 634 ct
1019 574 1218 637 verba
1194 574 1434 653 Jurisju

224 662 397 722 randi
417 680 513 741 per
537 662 716 723 varias
734 676 877 721 artes
901 664 1263 736 mutantibus,
1303 663 1433 739 quis

234 750 426 827 flagitii
443 747 812 810 conscientia
794 765 995 810 inerat.
1020 751 1327 829 probabant
1347 767 1435 806 re-

233 835 500 914 ligionem
524 851 730 916 patres,
771 837 1081 916 perjurium
1102 836 1432 915 arguebant.

218 942 414 1001 eaque
428 922 583 982 velut
599 921 845 995 censura,
875 924 936 982 in
954 920 1298 982 Sariolenum
1314 925 1438 979 Vo-

238 1007 445 1082 culam,
475 1023 531 1067 et
553 1010 805 1067 Nonium
830 1010 1144 1081 Aetianum,
1190 1019 1246 1066 et
1267 1004 1437 1065 Cesti·-

239 1116 336 1156 um
360 1102 618 1154 Severum
642 1094 905 1155 acerrime
928 1094 1202 1163 incubuit,
1232 1093 1437 1152 crebris

236 1181 384 1264 apud
401 1187 682 1241 Neronem
694 1180 1056 1243 delationibus
1067 1179 1327 1241 famosos·
1343 1188 1438 1239 Sa-

232 1270 583 1330 riolenumet
596 1288 789 1329 recens
802 1271 1007 1330 crimen
1023 1271 1270 1347 urgebat,
1282 1267 1436 1346 quod

241 1355 387 1436 apud
399 1356 684 1417 Vitellium
696 1356 928 1416 molitus
936 1355 1120 1416 eadem
1133 1354 1280 1415 foret
1294 1375 1312 1427 3
1331 1373 1439 1415 nee

245 1440 450 1500 destitit
461 1439 673 1499 senatus
682 1441 1443 1516 manunintentarevocuiae,

246 1524 435 1583 donec
449 1527 599 1582 curia
613 1525 920 1585 excederet.
948 1527 1017 1584 ad
1031 1528 1270 1586 Paetium
1293 1523 1443 1585 Afri·-

250 1629 453 1671 canum
477 1607 804 1688 “auspi-effi,
840 1629 963 1672 enm
982 1630 1205 1691 quoque
1225 1627 1445 1691 protur-

249 1698 390 1758 bant
403 1717 422 1755 =
462 1710 742 1776 tamquam
770 1701 983 1759 Neroni
1000 1700 1317 1760 Scribonios
1336 1700 1447 1759 fra—

250 1800 362 1845 tres
395 1785 694 1845 concordia
730 1784 1032 1867 opibusque
1069 1783 1327 1866 insignes,
1370 1786 1441 1848 ad

238 1871 481 1931 exitium
500 1870 922 1933 monstravisse&
947 1871 1235 1935 Africanus
1259 1893 1444 1957 neque

250 1958 408 2018 fateri
430 1957 682 2035 audebat,
730 1980 911 2040 neque
933 1963 1168 2023 abnuere
1189 1978 1437 2043 poterat:

251 2049 309 2105 in
338 2046 565 2104 Vibium
592 2046 870 2130 Crispum,
908 2050 1067 2130 cujus
1093 2052 1444 2126 interrogati·

253 2133 456 2194 onibus
471 2131 979 2213 fatigabatur,nltro
990 2134 1311 2208 conversuS,
1321 2131 1447 2192 mis—

255 2218 435 2279 cendo
466 2239 605 2305 quae
624 2219 917 2283 defendere
939 2222 1227 2300 nequibat,
1275 2218 1447 2279 socie-

114 2304 126 2313 ’
172 2304 250 2365 42
267 2320 379 2365 tate
394 2306 482 2365 cul
489 2326 588 2386 pac
602 2306 870 2369 invidiam
889 2302 1207 2369 declinavit
1289 2312 1448 2386 Mag·

258 2412 387 2452 nam
420 2411 488 2452 eo
520 2392 607 2454 die
641 2396 854 2475 pietatis
881 2394 1339 2474 eloquentiaeque
1368 2395 1451 2455 fa'·

259 2498 406 2540 mam
421 2477 703 2562 Vipsanus
721 2480 943 2543 Mess‘ala
958 2482 1185 2564 adeptus
1199 2479 1295 2560 est,
1308 2496 1450 2542 non-
