1759 2992
572 148 1021 196 nuzoous.
1262 132 1388 208 269

208 247 351 294 certe
389 231 677 306 concedet,
720 231 1040 291 instructum
1071 245 1127 289 et
1162 229 1386 311 plenum

205 323 290 378 his
328 320 535 378 artibus
568 322 837 391 animum,
863 318 1029 395 longe
1056 321 1394 396 paratiorem

203 407 273 464 ad
296 424 384 462 eas
421 407 842 464 exercitationes
868 420 1161 463 venturum
1181 447 1202 480 ,
1242 425 1387 484 quae

121 510 153 565 3
165 514 199 567 4
212 492 463 570 propriae
478 491 618 550 cirea
631 494 928 550 oratoriam
941 490 1218 550 videntur.
1287 497 1388 550 Er-

201 598 276 654 go
312 577 453 656 apud
484 578 720 655 majores
754 577 974 637 nostros
1007 578 1233 655 juvenis
1270 578 1387 653 ille,

202 665 298 742 qui
321 664 448 722 foro
462 678 518 722 et
531 664 852 743 eloquentia
876 666 1188 737 parabatur,
1211 666 1406 724 imbu--
1425 735 1430 742 ,

199 765 290 807 tus
324 750 439 826 jam
474 748 769 809 domestica
805 747 1124 828 disciplina,
1152 749 1386 809 refertus

197 835 439 894 honestis
456 833 666 909 studiis,
684 834 1049 894 deducebatur
1061 854 1092 890 a
1108 851 1279 911 patre,
1297 837 1388 894 vel

164 985 173 994 ³
197 940 229 977 a
272 921 597 998 propinquis
614 961 634 994 ,
679 919 746 976 ad
789 939 915 978 eum
964 933 1241 978 oratorem
1286 923 1388 998 qui

199 1008 503 1082 principem
544 1005 725 1063 locum
763 1006 822 1061 in
863 1006 1086 1063 civitate
1130 1007 1383 1079 tenebat;

197 1092 346 1150 hunc
369 1090 571 1163 sectari,
594 1093 742 1149 hunc
763 1088 1041 1169 prosequi,
1063 1092 1228 1168 hujus
1261 1113 1384 1152 om-

195 1179 362 1237 nibus
386 1177 716 1237 dictionibus
740 1175 1004 1252 interesse,
1027 1176 1134 1237 five
1149 1181 1210 1237 in
1231 1180 1383 1257 judi-

195 1265 318 1335 ciis,
349 1262 456 1322 five
475 1265 532 1321 in
556 1266 926 1324 concionibus
939 1262 1282 1341 assuescebat,
1304 1269 1383 1326 ita
1409 1269 1422 1278 ‘

195 1363 258 1408 ut
272 1349 646 1410 altercationes
663 1371 885 1431 quoque
898 1353 1175 1431 excipere,
1198 1368 1253 1411 et
1263 1354 1285 1429 j
1296 1374 1383 1411 ur·

191 1435 296 1512 giis
322 1434 587 1510 intereffe,
612 1453 785 1513 utque
804 1436 874 1497 fic
891 1437 1145 1512 dixerim,
1170 1460 1382 1518 pugna·

192 1542 254 1579 re
282 1522 339 1580 in
375 1521 585 1601 proelio
616 1521 870 1594 discen-eu
910 1543 1146 1599 magnus
1177 1528 1402 1586 ex-hoc·

193 1604 319 1665 usus
336 1648 354 1678 ‚
397 1606 629 1666 multum
676 1607 1043 1681 con-stantiae,
1087 1610 1383 1690 plurimum

188 1691 381 1770 judicii
399 1694 700 1769 juvenibus
716 1692 891 1753 statim
915 1697 1292 1775 contingebat,
1321 1699 1396 1757 in·-

191 1777 370 1837 media
399 1779 521 1838 luce
547 1780 886 1841 studentibus
915 1797 1079 1860 atque
1102 1786 1243 1842 inter
1265 1782 1395 1863 ipsa.

192 1864 529 1943 discrimina,
559 1868 652 1925 ubi
669 1888 830 1926 nemo
853 1870 1077 1948 impune
1100 1868 1257 1930 stulte
1280 1871 1391 1930 ali-.

193 1950 349 2028 quid,
377 1968 477 2011 aut·
491 1956 766 2014 contrarie
787 1956 946 2030 dicit,
975 1976 1088 2034 quo
1109 1960 1294 2017 minus
1318 1972 1377 2017 ct

185 2035 365 2113 judex
378 2037 612 2115 respuat,-
629 2055 684 2097 et
700 2039 1036 2100 adversarius
1051 2045 1375 2121 exprobret,

189 2120 301 2200 ipfi
310 2121 547 2202 denique
569 2125 819 2183 advocati
850 2124 1225 2205 aspernentur.
1272 2129 1378 2205 igi-

190 2222 284 2264 tur
305 2226 433 2265 vera
457 2207 632 2267 statim
649 2225 705 2267 et
724 2212 1042 2288 incorrupta
1062 2211 1378 2291 eloquenda

191 2291 604 2352 imbuebantur·
647 2308 703 2352 et
731 2314 1062 2373 quamquam
1093 2318 1266 2358 unum
1298 2298 1379 2358 se·

190 2392 509 2456 querentur,
520 2393 701 2438 tamen
719 2400 915 2440 omnes
928 2381 1164 2459 ejusdem
1183 2387 1376 2446 aetatis

187 2479 458 2545 patronos,
471 2464 790 2548 inplurimis
804 2482 864 2525 et
877 2469 1132 2531 cauffiset
1150 2470 1376 2551 judiciis

721 2558 780 2613 Μ
818 2572 849 2636 3
