1759 2992
350 160 1257 216 ntsronxnnssuuun.1v.
1325 169 1411 246 99

211 253 453 315 ferebat.
519 256 735 314 auditus
760 254 888 314 ideo
908 269 1148 328 tantum,
1197 270 1259 315 ut
1285 259 1412 317 nos·

228 359 445 401 cet-etur
461 345 741 420 ingenium
757 342 903 420 ejus,
920 340 1310 419 damnatusque
1326 348 1413 404 in-

232 439 319 485 ter
341 428 511 508 ipsum
537 428 876 508 supplicium,
916 430 1271 507 exprobranti
1299 436 1410 490 cui·

229 512 358 572 dam
400 525 419 548 ⁴
443 517 673 593 patriam
703 517 824 593 ejus
863 530 1099 593 captam,
1152 518 1415 595 Accipere

227 599 252 633 ‘
276 597 588 662 stsolatium
608 600 1137 681 mortis'respondit.
1174 602 1261 661 sed
1285 608 1412 662 Mu·

226 688 414 749 cianus
432 689 582 771 quod
601 689 693 748 diu
713 687 1104 757 occultaverat,
1143 705 1203 765 ut
1222 697 1412 748 recen's

225 776 581 854 exprompsit.
602 776 622 807 ‘
636 796 707 854 qu
715 778 897 834 oniam
909 777 1031 832 beni
1035 775 1415 849 gnitatedesnn

224 866 243 893 ‘
268 859 464 919 suffiae
504 862 649 919 vires
682 860 914 918 hostium
950 859 1171 917 forentt
1223 864 1416 938 parum

226 953 244 976 ‘
271 945 470 1004 decore
503 947 917 1015 Domitianum,
957 944 1209 1002 confesso
1246 947 1418 1024 prope

227 1029 249 1061 ‘
273 1028 444 1102 bello,
489 1029 692 1087 alienae
722 1028 928 1106 gloriae
950 1030 1415 1092 interventurum'.

230 1116 251 1148 ‘
276 1113 315 1174 fi
344 1113 509 1174 status
545 1116 779 1195 imperii,
819 1126 914 1172 aut
947 1113 1083 1173 salus
1118 1116 1416 1179 Galliarum

226 1201 330 1260 ‘in
357 1199 641 1262 discrimen
668 1214 985 1274 verteretur,
1027 1200 1261 1262 debuisse
1278 1209 1415 1264 Cae-

223 1286 244 1320 ‘
267 1282 435 1348 sarem
458 1290 517 1347 in
542 1290 656 1348 acie
673 1288 833 1348 stare:
884 1287 1233 1347 Caninefates
1252 1296 1414 1349 Bata·-

224 1379 244 1404 ‘
270 1374 477 1450 vosque
496 1378 798 1433 minoribus
814 1373 1044 1432 ducibus
1061 1373 1413 1452 denegandos,

228 1454 249 1488 ‘
273 1457 385 1538 ipse
409 1460 667 1535 Lugduni
699 1462 814 1517 vim
837 1456 1227 1538 fortunamque
1260 1463 1414 1539 prin-

226 1541 246 1573 ‘
272 1546 527 1622 cipatuse
544 1545 802 1623 proximo
821 1543 1135 1616 ostentaret,
1166 1565 1265 1603 nec
1288 1567 1415 1619 par-

226 1627 248 1659 ‘
273 1633 359 1689 vis
391 1629 650 1708 periculis
692 1630 998 1700 immixtus,
1043 1643 1097 1686 et
1121 1628 1417 1704 majoribus

136 1708 252 1773 86‘
276 1736 391 1776 non
408 1713 731 1774 defuturus?
777 1714 1225 1791 Intelligebantur
1240 1728 1415 1775 artes:

223 1802 310 1863 sed
334 1821 457 1883 pars
484 1801 729 1881 obsequii
753 1803 812 1860 in
832 1821 922 1875 eo,
962 1820 1030 1858 ne
1048 1799 1416 1880 deprehende-

134 1956 137 1959 ,
225 1907 453 1961 rentur;
501 1889 579 1947 ita
605 1887 938 1964 Lugdunum
969 1903 1219 1946 ventum.
1267 1888 1415 1948 unde

224 1975 464 2034 creditur
491 1976 871 2048 Domitianus,
914 1972 1144 2035 occultis
1170 1971 1236 2030 ad
1262 1978 1415 2033 Ceri·

227 2064 365 2118 alem
392 2061 627 2131 nuntiis,
651 2059 812 2118 fidem
836 2060 956 2135 ejus
975 2055 1282 2129 tentaviffe,
1307 2061 1326 2089 ‘
1345 2079 1416 2118 an

230 2144 251 2176 ‘
280 2141 547 2220 praesenti
578 2142 669 2200 fibi
694 2145 995 2202 exercitum
1020 2144 1420 2219 Imperiumque

228 2227 251 2260 ‘
277 2226 574 2285 traditurus
598 2224 740 2284 foret
755 2227 795 2294 ;’
820 2245 930 2304 qua
954 2226 1289 2300 cogitatione
1303 2227 1421 2285 bel-

229 2313 345 2374 lum
365 2309 618 2371 adversus
637 2328 843 2391 patrem
858 2312 1176 2387 agitaverit3
1196 2330 1265 2367 an
1284 2332 1419 2392 opes

230 2394 477 2479 viresque
494 2396 744 2457 adversus
761 2396 1004 2471 fratrem,
1027 2398 1083 2456 in
1104 2398 1315 2458 incerto
1333 2398 1420 2459 fu-

230 2488 311 2564 it3
362 2507 491 2549 nam
521 2484 747 2546 Cerialis
769 2482 965 2544 salubri
988 2499 1419 2566 temperamento

764 2576 811 2631 E
863 2591 899 2634 2
