1759 2992
399 182 627 234 'Ubii
664 178 1170 223 Aonie-vum.
1264 174 1377 219 201

207 264 347 323 “aut
369 262 521 322 nulla
544 258 807 341 plerisque
822 260 1014 340 patria,
1039 273 1131 317 aut
1154 257 1255 316 alia
1274 257 1346 316 est
1363 279 1381 316 e
1456 307 1461 312 .

208 351 231 386 ‘
255 366 459 427 paucos
470 363 732 405 numeros
749 348 953 405 circum
969 344 1207 423 trepidos
1224 346 1385 420 igno-

208 434 451 501 *κωπίω
471 431 676 492 caelum
694 430 864 509 ipsum
888 450 951 489 ac
967 449 1112 488 mare
1134 428 1382 495 etfilvas,

206 518 446 595 ‘ignota
468 519 654 576 omnia
682 514 1207 594 circumspefiantes,
1235 513 1383 573 clau-

210 604 233 636 ‘
253 602 338 661 sos
363 603 767 680 quodammodo
798 623 860 662 ac
885 605 1097 661 vinctos
1122 600 1195 658 dii
1222 601 1385 658 nobis

205 687 229 720 ‘
251 687 602 749 tradiderunt.
628 708 700 747 ne
717 703 913 748 terreat
927 705 1105 747 vanus
1122 683 1384 762 aspefins,
1414 735 1420 744 .

205 774 227 806 ⁴
253 790 306 832 et
328 775 441 831 auri
457 772 640 849 fulgor
661 788 824 851 atque
854 773 1087 847 argenti,
1112 770 1262 847 quod
1290 791 1384 827 ne·
1412 806 1419 814 -

208 864 231 895 ‘2
252 877 357 934 que
372 855 531 933 tegit,
557 876 734 934 neque
758 856 1030 915 vulnerat.
1074 857 1134 912 in
1159 854 1269 932 ipsa
1281 857 1385 911 Κο-

210 947 229 973 ‘
256 943 410 998 stium
426 943 538 997 acie
557 942 901 998 inveniemus
926 938 1131 996 nostras
1156 958 1382 1009 manus;
1405 988 1422 998 „

211 1031 230 1056 ‘
254 1024 553 1102 agnoscent
571 1026 820 1082 Britanni
854 1023 998 1082 suam
1023 1022 1268 1098 causam3
1303 1044 1386 1081 re-

205 1112 227 1144 ‘
254 1108 619 1169 cordabuntur
634 1109 779 1167 Galli
796 1111 1033 1187 priorem
1048 1109 1343 1167 libertatem
1362 1132 1382 1179 ;

203 1197 226 1228 ⁴
250 1193 493 1254 deserent
509 1194 633 1253 illos
643 1197 804 1254 ceteri
817 1197 1096 1264 Germani,
1109 1210 1387 1274 tamquam
1401 1222 1424 1249 ·.

206 1281 229 1324 ‘·
251 1279 600 1360 nuperUfipii
616 1282 1078 1360 reliquerunt.nec
1090 1280 1386 1359 quidquam

204 1367 226 1399 ⁴
253 1366 397 1423 ultra
413 1365 714 1424 formidinis
719 1411 737 1440 ,
760 1387 932 1425 vacua
950 1366 1179 1439 castella,
1199 1365 1386 1425 senum
1413 1401 1425 1414 ι

210 1452 229 1482 ‘
254 1449 530 1518 coloniae,
551 1452 695 1509 inter
709 1451 845 1509 male
860 1467 1110 1529 parentes
1125 1465 1179 1507 et
1191 1452 1269 1527 inj
1280 1451 1389 1508 uste'

205 1533 226 1565 ‘
252 1536 588 1612 imperantes
609 1576 627 1604 ,
664 1555 820 1610 aegra
856 1536 1156 1612 municipia
1190 1552 1244 1593 et
1282 1535 1392 1594 dis-'

206 1621 227 1653 ‘
254 1617 565 1686 cordantia,
593 1620 683 1677 hic
703 1619 840 1693 dux,
865 1621 955 1678 hic
977 1622 1277 1690 exercitu83
1311 1623 1390 1679 ibi

204 1705 226 1739 ‘
254 1705 459 1763 tributa
474 1719 529 1762 et
544 1704 782 1779 metalla,
811 1719 867 1762 et
884 1722 1088 1763 ceterae
1107 1704 1391 1765 servienti·
1424 1745 1432 1750 -

211 1791 231 1826 ⁴
259 1811 347 1848 um
374 1793 610 1867 poenae:
639 1809 778 1869 quas
802 1792 858 1849 in
890 1807 1167 1850 aeternum
1186 1791 1393 1870 profete

206 1881 223 1906 ‘
251 1896 330 1949 re,
361 1891 455 1934 aut
470 1873 645 1934 statim
665 1874 867 1952 ulcisci,
890 1879 946 1935 in
963 1880 1069 1935 hoc
1082 1898 1275 1957 campo
1290 1878 1386 1936 est.

207 1964 226 1991 ‘
251 1959 482 2037 proinde
507 1963 639 2020 ituri
656 1964 714 2019 in
742 1964 910 2021 aciem
928 1977 982 2021 et
1001 1964 1258 2041 majoreis
1275 1962 1393 2021 ves·

125 2062 198 2125 33
216 2045 237 2082 ‘1
262 2061 397 2117 troz,
421 2060 477 2103 et
492 2045 733 2123 posteros
751 2050 1030 2123 cogitate!
1118 2053 1394 2126 Excepere
1478 2114 1481 2118 ,

207 2132 512 2187 orationem
530 2131 753 2204 alacres,
773 2147 827 2189 et
845 2133 1056 2190 barbari
1075 2135 1244 2190 moris
1263 2149 1392 2188 can-

205 2230 268 2271 tu
310 2227 367 2270 et
409 2211 630 2272 fremitu
668 2213 1099 2292 clamoribusque
1142 2214 1389 2275 dissonis,

199 2299 429 2378 jamque
453 2298 689 2373 agmina,
729 2315 786 2358 et
823 2320 1096 2359 armorum
1129 2298 1392 2376 fulgores,

208 2382 567 2442 audentissimi
608 2383 868 2464 cujusque
905 2381 1198 2464 procursu:
1241 2385 1397 2448 fimul
1420 2438 1428 2446 .

209 2464 611 2532 instruebantur
622 2472 789 2543 acies;
807 2491 931 2533 cum
944 2471 1198 2554 Agricola
1208 2492 1416 2556 quana-2

746 2563 774 2622 1
822 2576 857 2637 5
