1759 2992
394 141 477 201 72
581 141 641 184 c.
677 140 1075 186 conatur
1119 141 1407 190 τΑςὶιτῐ

391 225 636 305 undique
649 223 823 298 effufi,
845 224 1073 285 insolito
1095 223 1393 303 spestaculo
1412 224 1577 285 nimi·

387 330 483 370 unx
506 311 848 370 fruebantur.
894 331 1015 370 non
1035 312 1165 370 tulit
1185 312 1272 371 aia
1290 312 1579 371 Picentina

389 395 643 473 gandium
685 394 995 455 insultantis
1034 398 1221 473 voigi}
1290 394 1583 477 spretisque

390 484 569 541 saneti
593 481 880 558 promissis,
919 495 1015 540 aut
1046 484 1238 554 minis,
1287 484 1583 560 Magonti·

389 583 547 626 acum
570 570 777 625 abeunt
789 588 807 625 t
839 586 903 625 ac
917 565 1059 624 forte
1073 567 1246 625 obvio
1262 567 1586 627 interfecto·

386 670 448 710 re
472 649 719 712 Voculae
739 653 1027 727 Longino,
1068 651 1336 728 conjeetis
1358 652 1419 710 in
1448 673 1580 712 eum

388 737 538 808 telis,
573 738 793 797 initium
829 734 1191 796 exsolvendae
1212 738 1273 795 in
1299 735 1577 816 posterum

387 821 580 902 eulpae
591 820 789 884 fecere.
830 822 1073 899 legiones
1090 821 1231 882 nihil
1246 836 1458 882 mutato
1484 824 1581 882 iti-

390 928 549 984 nere,
586 923 715 968 ante
736 909 954 968 moenia
984 913 1365 968 Treverorum
1396 907 1577 968 confi·

391 993 556 1055 dunt.
643 994 841 1055 Civilis
854 1007 910 1052 et
924 992 1179 1054 Clafficus
1197 994 1362 1053 rebus
1379 990 1568 1055 secun-
1582 987 1663 1065 63

391 1080 479 1141 dis
495 1079 714 1155 sublati,
735 1100 806 1139 an
825 1079 1104 1139 coloniam
1122 1078 1577 1158 Agrippinensem

391 1165 758 1243 diripiendam
787 1166 1123 1226 exercitibus
1146 1163 1253 1224 suis
1292 1169 1577 1243 permitte-

392 1264 541 1325 rent,
582 1251 922 1311 dubitavere.
982 1249 1205 1317 saevitia
1239 1253 1470 1328 ingenii,
1516 1268 1576 1313 et

388 1336 650 1414 cupidine
663 1335 913 1416 praedae,
952 1335 1021 1395 ad
1035 1334 1310 1399 excidium
1334 1338 1584 1397 civitatis-

391 1424 774 1495 trahebantur3
807 1420 1055 1482 obstabat
1071 1423 1211 1482 ratio
1225 1420 1374 1493 belli,
1397 1438 1454 1482 et
1469 1443 1571 1482 no·

390 1528 523 1569 vum
544 1510 835 1590 imperium
865 1510 1261 1568 inchoantibus
1291 1507 1445 1567 utilis
1466 1508 1571 1568 cle-

389 1598 621 1656 mentiae
651 1595 815 1655 fama.
875 1594 1108 1654 Civilem
1130 1596 1297 1654 etiam
1324 1593 1573 1654 beneficii

389 1684 651 1741 memoria
680 1681 854 1755 flexit,
881 1678 1037 1759 quod
1057 1678 1229 1740 filium
1250 1679 1371 1757 ejus
1394 1682 1573 1758 primo

391 1785 575 1826 rerum
590 1783 744 1826 motu
761 1766 823 1826 in
839 1765 1067 1826 colonia
1082 1764 1463 1845 Agrippinenfi
1475 1765 1573 1825 de·

391 1848 736 1929 prehensum,
766 1855 1034 1912 honorate
1054 1849 1439 1912 custodierant.
1484 1848 1574 1912 sed

391 1936 834 1997 Transrhenanis
864 1940 1127 2016 gentibus
1152 1935 1323 1997 invisa
1351 1938 1572 2006 civitas,

389 2022 673 2101 opulentia
685 2027 973 2102 austuque.
1020 2042 1203 2104 neque
1224 2022 1388 2082 alium
1404 2020 1574 2082 finem

389 2107 518 2168 belli
540 2109 825 2182 rebantur,
857 2129 1023 2188 quam
1040 2107 1078 2167 fi
1094 2105 1399 2188 promiscua
1411 2127 1477 2167 ea
1489 2105 1569 2165 se·

385 2194 486 2254 des
524 2195 779 2253 omnibus
797 2196 1089 2255 Germanis
1119 2195 1292 2253 forett
1334 2207 1432 2252 aut
1464 2192 1572 2253 dis-

378 2282 550 2355 jeeta,
565 2281 740 2339 Ubios
757 2299 982 2360 quoque
997 2277 1329 2359 disperiiffet.
1384 2281 1564 2355 Igitur
1578 2272 1653 2349 64

384 2367 671 2439 Teneteri‚
707 2370 904 2426 Rheno
934 2362 1162 2425 discreta
1204 2384 1363 2441 gens,
1407 2365 1575 2424 missis

381 2446 596 2528 legatis,
619 2450 879 2514 mandata
899 2449 1041 2534 apud
1054 2451 1355 2515 concilium
1370 2451 1572 2531 Agrip-
