1759 2992
399 109 979 152 astronianum
1028 109 1166 151 Lu.
1206 111 1301 152 IV·
1407 104 1451 170 ⁷

250 187 499 251 nensium
536 187 803 263 diximus,
834 189 1084 270 patibulo
1120 188 1345 265 affixus,
1386 190 1454 251 in

249 276 437 337 iisdem
454 276 701 351 annulis,
722 296 866 355 quos
888 291 1148 354 acceptos
1165 297 1197 335 a
1215 275 1454 337 Vitellio
1521 278 1530 283 ’

249 363 508 442 gestabat.
529 380 584 422 at
596 370 804 423 Romae
812 360 1029 423 senatus
1041 384 1107 424 cu
1114 366 1236 422 ncia
1247 363 1453 442 princi·

252 453 416 530 pibus
441 450 624 526 solita,
639 448 976 530 Vespafiano
992 450 1260 524 decernit,
1276 449 1454 509 lactus

251 553 308 597 et
334 537 440 616 spei
470 553 697 609 certus;
730 539 935 616 quippe
960 534 1171 616 sumpta
1199 555 1300 616 per
1321 533 1456 594 Gal·

251 623 356 683 lias
382 621 782 703 Hispaniasque
805 623 989 684 civilia
1007 643 1179 695 arma,
1195 623 1367 683 motis
1383 617 1453 681 ad
1535 640 1543 647 ·

249 710 456 771 bellum
482 712 802 785 Germanis,
833 721 971 768 mox
1003 710 1267 789 lllyrico;
1309 705 1454 789 post·

250 817 418 877 quam
438 804 777 876 Aegyptum,
796 795 1082 872 Judacam‚
1112 800 1454 874 Syriamque,

252 899 306 941 et
326 885 514 943 omnis
533 885 854 959 provincias
872 880 1251 960 exercitusque
1267 880 1453 940 instra·

251 983 476 1039 verant,
497 969 650 1026 velut
666 968 893 1044 expiato
910 983 1178 1025 terrarum
1194 969 1346 1040 orbe,
1363 987 1454 1026 cc·

248 1052 386 1136 piffe
407 1052 574 1113 finem
596 1053 945 1113 videbantur.
981 1053 1239 1112 addidere
1260 1050 1454 1113 alacri·

248 1155 418 1201 tatem
440 1139 746 1220 Vespasiani
766 1139 1009 1215 litterae,
1030 1159 1307 1218 tamquam
1339 1159 1456 1200 ma·

244 1246 417 1288 nente
458 1229 605 1288 bello
644 1227 895 1307 scriptae.
963 1248 1027 1287 ea
1069 1229 1245 1307 prima
1277 1224 1466 1305 specie·

242 1314 460 1375 formae
513 1332 755 1375 ceterum
789 1329 853 1373 ut
891 1315 1151 1394 princeps
1185 1313 1453 1392 loqueba·

244 1415 362 1476 tur,
389 1400 574 1461 civilia
600 1403 668 1460 de
693 1399 768 1476 se,
797 1399 864 1460 de
887 1401 1167 1481 republica
1190 1402 1404 1479 egregia
1424 1419 1450 1475 3

250 1507 356 1547 nec
373 1484 589 1544 senatus
603 1484 920 1565 obsequium
934 1486 1140 1546 deerat.
1168 1484 1262 1565 ipfi
1277 1488 1293 1516 ‘
1306 1508 1450 1547 con-

248 1566 269 1605 ‘
306 1569 512 1631 sulatus
542 1592 668 1631 cum
688 1574 830 1630 Tito
864 1572 1004 1644 filio,
1049 1587 1299 1651 praetura
1322 1578 1449 1632 Do·

248 1656 272 1691 ‘
300 1658 541 1718 mitiano
557 1673 612 1717 et
630 1656 909 1718 consulare
928 1660 1214 1739 imperium
1229 1660 1243 1683 ’
1259 1659 1447 1719 decer-

190 1766 231 1823 4
247 1761 478 1806 nuntur.
560 1743 788 1805 Miserat
808 1761 862 1805 et
878 1742 1173 1806 Mucianus
1192 1743 1443 1825 epistolas

245 1833 316 1893 ad
340 1830 614 1907 senatum,
638 1852 780 1911 quae
802 1835 1080 1891 materiam
1099 1831 1455 1894 sermonibus

246 1921 575 2000 praebuet-ez
616 1920 636 1950 ‘
660 1916 700 1976 fi
733 1920 979 1998 privatus
1005 1917 1152 1994 effet,
1179 1941 1279 1978 cur
1299 1922 1443 2000 pub-

245 2007 265 2037 ‘
291 2006 395 2065 lice
418 2005 779 2084 loqueretur?
816 2005 1044 2085 potuisse
1068 2005 1287 2080 eadem,
1308 2026 1453 2085 pau»,

248 2090 272 2125 ‘
292 2113 389 2152 cos
407 2091 526 2172 post
544 2090 821 2166 dies‚10co
840 2090 1142 2153 sententiae
1154 2091 1262 2151 dici
1281 2096 1323 2164 ;'
1353 2095 1443 2169 ip·

244 2177 299 2238 sa
328 2199 553 2259 quoque
586 2177 865 2237 insectatio
888 2182 947 2237 in
970 2170 1289 2251 Vitellium,
1328 2174 1443 2239 stra

241 2280 301 2327 et
324 2263 737 2338 finelibertate3
769 2264 827 2323 id
849 2286 982 2325 vero
997 2285 1121 2340 erga
1147 2262 1442 2341 rempubli-

241 2372 362 2411 cam
391 2349 700 2431 superbum‚
740 2372 868 2426 erga
901 2352 1207 2430 principem
1239 2363 1442 2406 contu·

241 2435 552 2512 mellosum,
576 2436 731 2516 quod
763 2438 780 2467 ‘
802 2439 862 2495 in
882 2455 1052 2494 manu
1068 2430 1160 2490 sua
1174 2429 1323 2491 fuiss'e
1339 2434 1445 2489 im·

768 2528 819 2580 A
869 2542 910 2597 4
