1759 2992
384 126 498 188 182
587 137 1073 183 &eorunm
1116 136 1423 183 τΑοι-τι·

364 241 474 298 ego
500 220 710 292 facilius
736 220 1054 281 crediderim
1078 235 1325 281 naturam
1348 242 1553 299 marga·

360 310 482 366 ritis
498 305 693 377 deesse,
708 325 871 383 quam
890 307 1050 366 uobis
1067 309 1374 367 avaritiam.
1436 307 1537 386 Ipfi
1559 332 1579 373 1
1593 330 1629 391 3

358 393 610 452 Britanni
629 391 915 464 deleaum,
938 393 1242 465 zie-tributa,
1268 407 1322 452 et
1340 392 1546 469 injunc-

358 492 415 537 ta
432 480 641 555 imperii
660 497 889 536 munera
903 477 1131 555 impigre
1147 480 1385 553 obeunt,
1412 478 1449 537 fi
1464 482 1554 538 in·

351 564 530 641 jur-iae
559 561 764 622 abfint=
806 564 907 620 has
935 581 1094 637 aegre
1130 563 1406 637 tolerant,
1431 564 1552 640 jam

356 648 553 707 domiti
569 663 631 706 ut
652 661 901 725 pareant,
930 647 1181 706 nondum
1202 662 1263 706 ut
1284 647 1549 710 serv-iant.

356 735 524 809 igitur
547 734 752 812 primus
776 734 1027 792 omnium
1059 737 1437 795 Romanorum
1466 742 1546 794 D.
1583 754 1593 763 ·

357 819 537 895 Julius
554 839 679 878 cum
703 820 950 877 exercitu
983 819 1319 877 Britanniam
1340 818 1548 894 ingres·-

356 902 466 978 sus,
495 924 827 984 quamquam
860 901 1111 983 prospera
1134 924 1314 983 pugna
1339 897 1550 962 terrue-

359 994 432 1049 rit
455 992 691 1064 incolas,
719 1012 782 1048 ac
810 991 973 1048 litore
1004 992 1211 1067 potitus
1243 988 1345 1065 fit,
1373 990 1549 1067 potest

357 1076 533 1135 videri
550 1074 833 1136 ostendiffe
848 1074 1091 1151 posteris,
1112 1095 1226 1134 non
1249 1074 1543 1136 tradidiss’e.

355 1182 488 1221 mox
505 1160 642 1219 bella
656 1160 858 1230 civilia,
878 1161 1004 1216 etin
1025 1161 1406 1236 rempublicam
1422 1181 1546 1217 ver—

353 1243 407 1302 sa
444 1245 752 1323 principum
792 1264 983 1316 arma,
1028 1264 1092 1302 ac
1128 1245 1289 1319 longa
1326 1243 1544 1303 oblivio

352 1330 666 1388 Britanniae
685 1330 848 1386 etiam
874 1329 931 1385 in
969 1349 1123 1404 pace.
1170 1327 1454 1387 confilium
1484 1328 1542 1388 id

349 1413 510 1472 divus
529 1412 796 1492 Augustus
820 1415 1078 1483 vocabat,
1104 1415 1366 1475 Tiberius
1386 1435 1543 1494 prae-

349 1516 591 1578 ceptum.
636 1496 850 1576 agitaffe
861 1504 927 1557 C.
946 1500 1224 1559 Caesarem
1241 1501 1308 1560 de
1326 1503 1543 1559 intran-

349 1583 419 1645 da
451 1588 732 1646 Britannia
763 1584 890 1643 satis
916 1584 1147 1659 constat,
1174 1587 1231 1644 ni
1260 1586 1428 1647 velox
1451 1588 1539 1644 in-

349 1674 531 1748 genio,
555 1670 772 1731 mobilis
805 1674 1168 1747 poenitentia,
1196 1686 1252 1729 et
1285 1674 1537 1747 ingentes

347 1755 597 1815 adversus
622 1756 969 1814 Germaniam
996 1772 1225 1815 conatus
1244 1756 1432 1814 frustra
1450 1756 1540 1815 fu-

345 1840 522 1900 iffent.
589 1839 749 1898 divus
785 1840 1044 1898 Claudius
1084 1844 1274 1899 auftor
1309 1845 1490 1919 operis
1510 1881 1531 1914 ,

345 1921 661 1984 ιταηΐνεὲἱίε
684 1925 991 2000 legionibus
1008 1922 1349 2003 auxiliisque,
1378 1940 1433 1983 et
1450 1925 1537 1983 ass-

344 2008 556 2089 sumpto
595 2012 653 2068 in
694 2024 903 2088 partem
938 2025 1117 2068 rerum
1158 2008 1483 2087 Vespasiano
1505 2033 1530 2084 ς

349 2096 499 2176 quod
540 2097 759 2155 initium
797 2111 1065 2154 venturae
1100 2116 1234 2154 mox
1269 2095 1533 2156 fortunae

341 2184 470 2257 fuit,
481 2182 717 2244 domitae
730 2197 942 2258 gentes»,
956 2186 1099 2262 capri
1114 2202 1286 2259 regeS,
1298 2197 1352 2240 et
1367 2202 1533 2241 mon-

343 2266 516 2326 stratis
532 2268 656 2327 fatis
674 2266 1047 2346 Vespafianus.
1127 2266 1510 2329 Consularium
1533 2291 1559 2331 1
1576 2293 1618 2351 4

343 2355 550 2427 primus
583 2355 754 2412 Aulus
786 2353 1024 2413 Plautius
1061 2353 1390 2433 praepofitus
1410 2397 1427 2426 ,
1459 2375 1527 2414 ae

338 2432 562 2498 fiibinde
586 2439 826 2502 Ostorius
841 2440 1092 2523 Scapula,
1121 2457 1352 2521 uterque
1375 2439 1527 2504 besto
