1759 2992
374 137 465 198 24
552 137 614 183 e.
648 136 1055 182 conuenit
1096 136 1387 182 ratu-t

372 240 538 301 quam
562 237 624 280 ut
655 217 1241 301 aeriusexposcerent,
1269 241 1412 304 quae
1431 216 1558 283 scie·

370 309 508 368 bant
524 322 871 387 negaturum.
911 304 1096 387 spreto
1106 308 1326 382 Flacco,
1339 307 1561 368 inferio·

367 413 486 454 rem
509 396 858 455 Germaniam
881 395 1145 474 petivere,
1172 393 1418 454 utcivili
1431 396 1568 472 jun·

372 496 656 559 gerentur.
703 480 1088 556 Hordeonius,
1110 479 1372 540 adhibitis
1394 482 1569 543 tribu·

373 568 461 625 nis
475 563 1020 645 centurionibusque,
1029 562 1390 642 consultavit,
1400 564 1423 597 ‘
1432 586 1571 629 num

370 648 394 684 ‘
422 651 747 730 obsequium
787 652 1098 712 abnuentes
1141 652 1202 712 vi
1242 654 1569 717 coerceret-⁹

365 755 508 799 mox
528 735 690 797 infita
702 739 948 817 ignavia,
968 751 1025 796 et
1041 735 1269 817 trepidis
1285 735 1576 817 ministris,

367 843 516 905 quos
551 825 837 902 ambiguus
873 823 1209 884 auxiliorum
1239 824 1484 900 animus,
1509 839 1576 887 et

369 908 553 973 subito
573 909 785 972 delectu
812 908 1103 1012 suppletae
1119 910 1370 989 legiones
1406 929 1575 990 ange·

370 999 533 1075 bant,
563 995 750 1059 statuit
774 998 1068 1060 continere
1088 997 1240 1057 intra
1265 993 1437 1058 castra
1463 996 1575 1059 mi·

358 1083 549 1153 litem.
601 1084 734 1146 dein
755 1086 1123 1166 poenitentia,
1139 1098 1197 1144 et
1213 1085 1574 1163 arguentibus

370 1169 499 1250 ipfis
523 1173 622 1250 qui
642 1167 941 1247 suaserant,
966 1186 1248 1252 tamquam
1270 1168 1573 1246 secuturus,

372 1254 580 1333 scripsit
595 1259 887 1317 Herennio
900 1256 1088 1326 Gallo,
1113 1257 1346 1334 legionis
1360 1255 1575 1335 primae

373 1342 578 1420 legato,
601 1342 702 1421 qui
723 1348 979 1403 Bonnam
1002 1342 1315 1416 obtinebat,
1343 1354 1408 1400 ut
1441 1336 1465 1372 ‘
1478 1358 1576 1402 ar·

376 1433 397 1462 ‘
421 1444 567 1488 ceret
602 1426 830 1489 tranfitu
850 1435 1091 1493 Batavos
1111 1449 1130 1488 ε
1174 1425 1229 1488 se
1253 1446 1380 1488 eum
1407 1445 1576 1488 exer·

376 1514 399 1547 ‘
423 1517 561 1587 citu,
591 1517 757 1592 tergis
782 1535 976 1578 eorum
999 1513 1335 1575 haesurum?
1382 1527 1440 1574 et
1465 1532 1578 1596 op·

371 1603 538 1684 primi
561 1615 845 1682 poterant,
866 1601 908 1662 fi
921 1603 1052 1662 hine
1067 1600 1454 1676 Hordeonius,
1479 1601 1582 1661 in·

372 1686 444 1749 de
467 1688 692 1757 Gallus,
733 1690 901 1750 motis
930 1691 1214 1769 utrimque
1242 1689 1423 1767 copiis
1453 1705 1578 1747 me·

371 1773 502 1835 dios
529 1771 853 1835 claufiss'ent.
905 1775 1148 1837 ,Flaccus
1176 1773 1358 1835 omifit
1386 1775 1581 1853 incep-

370 1875 517 1936 tum,
537 1857 759 1938 aliisque
775 1861 981 1921 litteris
996 1862 1218 1921 Gallum
1238 1860 1479 1928 monuit,
1502 1878 1581 1920 ne

370 1961 604 2006 terreret
625 1947 909 2007 abeuntes.
946 1947 1093 2011 unde
1110 1944 1362 2028 suspieio‚
1373 1941 1583 2026 sponte

367 2033 673 2112 legatorum
711 2035 942 2094 excitari
975 2034 1181 2095 bellum
1204 2055 1223 2092 ε
1268 2035 1583 2112 ουηὲίαςηε

364 2141 511 2202 quae
535 2118 863 2190 acciderant,
888 2135 984 2180 aut
1008 2121 1410 2187 metuebantur,
1450 2137 1582 2178 non

367 2207 570 2267 inertia
606 2206 822 2277 militis,
861 2227 1048 2288 neque
1083 2204 1320 2267 hostium
1357 2205 1439 2273 vi,
1483 2201 1582 2265 sed

365 2292 768 2354 staudeducum
785 2295 1029 2355 evenire.
1067 2289 1561 2379 Batavi,cumeas·
1589 2307 1675 2355 20

366 2382 470 2438 tris
497 2378 876 2443 Bonnensibus
901 2382 1372 2463 propinquarent,
1409 2395 1575 2458 prae-

366 2461 556 2527 misere
578 2468 676 2548 qui
695 2468 985 2532 Herennio
1006 2465 1171 2531 Gallo
1192 2464 1454 2531 mandata
1473 2483 1584 2531 eo-
