1759 2992
300 140 424 201 280
577 151 1204 195 veona-roanos

292 235 400 295 sem
418 237 715 312 accipimus
734 234 753 292 ἓ
784 235 1309 313 quarumeivitatum
1326 230 1471 291 seve·

291 320 488 380 rissima
510 318 792 398 disciplina
813 362 830 391 ‚
877 335 934 378 ct
960 317 1473 395 severiffimae·lcgcs

290 407 605 466 traduntur.
650 425 753 464 nec
779 405 1143 464 Macedonum
1167 403 1388 484 quidem
1412 424 1474 463 ac

289 491 590 562 Persarum,
624 511 688 550 ac
717 490 879 549 ullius
905 493 1108 565 gentis,
1148 509 1288 568 quae
1317 504 1475 550 certo

286 578 517 655 imperio
559 589 823 634 contenta
857 574 1052 641 fuerit,
1095 575 1477 653 eloquentiam

286 664 570 721 novimus.
615 660 819 719 Rhodii
839 658 1083 738 quidam,
1112 658 1474 719 Athenienses

288 747 512 827 plurimi
535 764 781 806 oratores
796 746 1135 816 exstiterunt,
1159 744 1302 824 apud
1322 764 1471 823 quos

292 835 482 893 omnia
493 833 751 914 populus,
775 834 960 892 omnia
977 833 1238 907 imperiti,
1259 832 1473 904 omnia,

292 934 358 979 ut
377 919 447 981 fic
470 921 729 995 dixerim,
751 939 944 979 omnes
964 933 1238 997 poterant.
1296 915 1478 976 nostra

291 1025 519 1085 quoque
541 1008 733 1067 civitas
758 1006 936 1065 donec
963 1006 1187 1072 erravit,
1215 1002 1390 1064 donec
1422 1002 1476 1061 se

291 1095 539 1171 partibus
561 1109 616 1151 et
645 1089 1054 1149 diss‘enfionibus
1072 1132 1091 1163 ‚
1115 1105 1168 1148 et
1192 1087 1482 1165 discordiia‘

290 1178 547 1244 confecit,
586 1176 761 1234 donec
783 1175 933 1233 nulla
967 1174 1071 1231 fuit
1102 1175 1162 1231 in
1187 1173 1314 1232 foro
1337 1194 1471 1251 pax,

287 1262 442 1319 nulla
469 1262 526 1318 in
552 1259 738 1317 senatu
763 1257 1080 1330 concordia,
1115 1255 1263 1315 nulla
1286 1259 1344 1315 in
1372 1259 1470 1335 ju-

287 1344 446 1405 diciis
483 1344 807 1417 moderatio,
835 1344 985 1401 nulla
1006 1341 1345 1423 superiorum
1384 1364 1474 1404 re-

288 1434 532 1492 verentia
549 1473 568 1506 ,
601 1430 784 1489 nullus
813 1427 1215 1507 magistratuum
1232 1429 1472 1494 modust

289 1519 419 1578 tulit
441 1517 550 1577 sme
573 1517 738 1576 dubio
776 1517 1135 1576 valentiorem
1164 1515 1493 1594 eloquenti·-

289 1624 411 1680 am,
449 1603 599 1663 fieuti
637 1603 943 1662 indomitus
973 1622 1101 1681 ager
1128 1605 1284 1662 habet
1316 1601 1473 1682 quas·

291 1691 414 1750 dam
434 1692 624 1749 herbas
649 1690 926 1748 laetiores.
969 1688 1056 1748 sed
1080 1709 1187 1750 nec
1211 1691 1352 1748 tanti
1368 1693 1472 1747 rci-

288 1778 537 1855 publicae
578 1778 950 1834 Gracchorum
989 1774 1307 1851 eloquentia
1345 1774 1473 1850 fuit,

290 1877 350 1920 ut
367 1876 641 1940 pateretur
657 1875 711 1917 et
724 1860 867 1935 leges
881 1883 898 1915 :
929 1878 1029 1917 nec
1043 1860 1220 1917 bonae
1236 1859 1472 1919 formam
1545 1894 1558 1900 -

288 1946 625 2025 eloquentiae
653 1946 848 2002 Cicero
879 1944 971 2002 tali
1011 1945 1163 2002 exitu
1205 1943 1469 2024 pensavit.

290 2035 374 2092 Sic
388 2050 605 2112 quoque
621 2029 770 2109 quod
788 2027 1017 2108 superest
1036 2031 1273 2108 antiquis
1285 2048 1459 2090 orato·
1478 2056 1517 2108 4
1530 2054 1554 2095 1

291 2122 463 2191 ribus,
480 2117 657 2178 forum
676 2136 789 2174 non
805 2116 1108 2188 emendare,
1124 2137 1231 2185 nec
1244 2116 1474 2195 usquam

288 2205 355 2263 ad
379 2219 568 2263 votum
587 2202 910 2281 compositae
925 2204 1163 2264 civitatis
1185 2221 1467 2278 argumen-

200 2357 211 2370 =
289 2304 405 2348 tum
430 2288 503 2348 est
526 2289 769 2367 quidem,
805 2291 953 2365 quod
981 2308 1148 2346 nemo
1169 2308 1274 2348 nos
1298 2288 1470 2352 advo·

289 2388 411 2445 cat,
441 2373 544 2436 nisi,
578 2388 672 2431 aut
710 2394 922 2434 nocens
957 2388 1051 2432 aut
1090 2375 1279 2446 miscr;
1315 2376 1469 2453 quod

285 2460 645 2535 municipium
668 2460 725 2519 in
751 2462 1024 2519 civitatem
1044 2458 1276 2526 nostram
1295 2462 1469 2531 venit,
