1759 2992
572 167 989 213 ntnnocus.
1260 165 1373 226 273

190 279 342 335 men,
360 258 492 317 hinc
509 257 807 316 conciones
824 249 1230 329 magistratuum
1246 268 1381 328 poe-

193 367 266 405 ne
281 344 720 425 pernoctantium
745 344 802 399 in
827 339 1035 405 rostris,
1062 337 1191 393 hInc
1214 356 1376 396 accu-

192 430 431 489 sationes
463 431 766 508 potentium
796 446 1034 497 reorum,
1063 437 1119 480 et
1148 422 1380 499 affigna-

192 531 280 574 tae
293 518 455 576 etiam
473 516 725 574 domibus
742 513 1075 584 inimicitiae,
1099 511 1229 567 hinc
1249 528 1376 589 pro·

191 623 373 662 cerum
388 601 651 662 factiones
666 617 721 659 et
737 599 934 659 affidua
945 597 1162 657 senatus
1182 595 1373 654 adver·

189 687 276 747 sus
299 688 509 767 plebem
539 689 833 748 certamina
854 710 872 758 3
901 704 1037 763 quae
1051 682 1255 758 fingula
1276 680 1382 743 etfi»

186 776 545 835 distrahebant
585 772 968 850 rempublicam
987 813 1007 844 ,
1047 770 1383 827 exercebant·

186 874 373 919 tamen
397 861 617 918 illorum
641 873 948 933 temporum
975 854 1371 931 eloquentiam,

187 962 242 1004 et
268 946 482 1021 magnis
520 944 789 1001 cumulare
818 940 1069 1019 praemiis
1111 939 1385 997 videbam·

188 1047 300 1090 tur.
347 1032 477 1108 quia
500 1041 710 1108 quanto
734 1026 962 1108 quisque
986 1026 1106 1104 plus
1131 1023 1372 1082 dicendo

186 1131 428 1198 poterat,
457 1130 614 1174 tanto
635 1115 843 1173 facilius
865 1116 1107 1174 honores
1131 1109 1384 1192 affeque··

186 1205 378 1276 batur;
424 1217 580 1261 tanto
610 1202 784 1278 magis
815 1202 874 1260 in
911 1198 1036 1280 ipfis
1061 1199 1369 1258 honoribus

129 1347 133 1354 .
184 1290 425 1367 collegas
452 1289 575 1347 suos
600 1290 862 1356 anteibat,
893 1303 1051 1345 tanto
1075 1285 1195 1365 plus
1221 1283 1368 1365 apud

182 1377 455 1455 principes
472 1377 693 1450 gratiae,
716 1374 844 1452 plus*
859 1376 1198 1432 auctoritatis
1221 1371 1368 1449 apud

184 1475 401 1538 patres,
440 1460 562 1536 plus
584 1462 821 1516 notitiae
854 1480 918 1517 ac
939 1459 1181 1516 nominis
1221 1456 1369 1535 apud

185 1544 396 1623 plebem
413 1546 633 1621 parabat
650 1565 666 1614 ;
681 1546 738 1600 hi
753 1543 1018 1600 clientelis
1032 1545 1196 1599 etiam
1211 1560 1367 1599 exte·

183 1649 366 1689 rarum
383 1632 672 1688 nationum
690 1627 1092 1699 redundabant3
1114 1630 1217 1685 bos
1234 1626 1380 1684 ituit

184 1717 244 1774 in
261 1718 583 1795 provincias
600 1715 938 1792 magistratus
963 1717 1369 1797 reverebantur,

183 1807 285 1862 hos
317 1802 508 1863 reverfi
533 1803 817 1875 colebant;
861 1806 964 1861 hos
987 1818 1045 1860 et
1083 1817 1368 1880 praeturae

182 1904 239 1947 et
255 1889 568 1950 consulatus
602 1910 805 1950 vocare
832 1890 978 1948 ultro
1002 1889 1365 1960 videbantur;

180 1977 240 2035 hi
257 1996 328 2034 ne
341 1979 541 2055 privati
557 1976 779 2054 quidem
794 1975 906 2035 fine
920 1973 1180 2056 potestate
1193 1989 1367 2047 erant,

178 2080 308 2121 cum
333 2077 388 2118 et
414 2060 675 2140 populum
704 2067 758 2119 et
783 2059 1028 2120 senatum
1058 2059 1388 2120 confilium

182 2149 504 2204 anctoritate
520 2162 770 2220 regerent
787 2168 806 2215 ς
834 2149 1147 2223 quinimmo
1161 2142 1254 2201 fibi
1268 2143 1388 2220 ἱρᾶι

181 2226 550 2305 persuaserant
564 2270 585 2304 ,
622 2232 900 2292 neminem
923 2230 1040 2286 stne
1053 2229 1380 2305 eloquentia.

182 2329 275 2372 aut
312 2313 512 2392 assequi
537 2313 684 2392 poffi:
708 2316 1068 2390 insivimte,
1105 2331 1199 2373 aut
1222 2320 1364 2376 tueri

180 2399 539 2479 conspicuum
561 2403 976 2461 et·eminentem
1005 2401 1186 2461 locum
1210 2424 1224 2460 τ
1262 2423 1364 2464 nec

181 2488 417 2568 mirum,
458 2507 581 2552 cum
609 2491 772 2568 etiam
794 2490 962 2550 inviti
1000 2489 1064 2552 ad
1096 2491 1368 2572 populum
