1759 2992
361 145 484 207 106
558 164 617 207 c.
654 164 1042 210 coeunti
1084 165 1378 212 taen-1

351 249 371 278 ⁶
394 246 652 327 pleraque
674 245 1007 321 coelestium,
1042 251 1159 309 vim
1175 250 1322 312 suam
1344 267 1397 311 et
1412 271 1536 312 cur·-

347 329 369 363 ‘
398 330 514 392 sum
533 333 789 413 septimos
808 352 904 411 per
918 353 1180 394 numeros
1194 336 1539 399 conficiant!

350 420 407 477 hi
430 420 570 478 ritus
593 438 821 497 quoquo
840 419 1011 478 modo
1033 420 1264 492 industi,
1295 425 1541 502 antiqui-

355 521 464 563 tate
487 504 882 572 desenduntur3
914 518 1091 561 cetera
1116 504 1361 565 instituta
1386 507 1543 566 finis-

349 603 436 646 πει
452 588 609 647 foeda
626 591 894 666 pravitate
911 588 1152 647 valuere.
1245 595 1386 648 Nam
1404 591 1526 669 pes-
1545 612 1583 667 5

351 671 512 732 fimus
537 671 783 752 quisque,
832 671 1022 750 spretis
1060 673 1412 748 religionibus
1435 694 1542 754 pa·

355 760 501 833 triis,
524 760 727 818 tributa
740 774 794 818 et
818 757 978 836 stipes
996 759 1126 819 illuc
1141 761 1536 835 congerebant.

354 846 504 906 unde
519 850 702 904 auctae
727 845 1059 921 judaeorum
1088 864 1202 903 res:
1250 860 1307 903 et
1330 847 1458 924 quia
1482 867 1546 906 a·

357 933 468 1008 pud
498 930 643 1011 ipsos
678 931 811 991 fides
846 930 1133 1005 obstinata,
1180 928 1550 991 misericordia

360 1016 420 1075 in
455 1034 735 1096 promptu,
782 1016 869 1077 sed
902 1015 1157 1076 adversus
1184 1037 1375 1076 omnes
1405 1019 1550 1079 alios

362 1102 551 1162 hostile
560 1104 770 1161 odium.
785 1102 1011 1179 separati
1025 1103 1215 1179 epuliS,
1230 1102 1440 1162 discreti
1453 1126 1551 1164 cu-

363 1187 584 1259 bilibus,
607 1185 985 1264 projectiffima
1000 1186 1068 1243 ad
1094 1185 1369 1245 libidinem
1385 1209 1488 1263 gen
1497 1210 1550 1262 ε,

362 1270 654 1330 alienarum
674 1271 975 1329 concubitu
994 1268 1259 1328 abstinent
1278 1293 1295 1344 3
1330 1273 1476 1331 inter
1490 1272 1546 1333 se

361 1357 499 1416 nihil
539 1355 812 1416 illicitum.
871 1355 1261 1414 circumcidere
1288 1358 1551 1434 genitalia

359 1442 721 1514 instituet-emt
734 1438 1043 1501 diverfitate
1055 1439 1551 1504 noscantur.trans-

364 1529 514 1605 gfeffi
544 1532 602 1587 in
626 1548 835 1588 morem
857 1544 1053 1586 eorum
1081 1527 1226 1586 idem
1247 1528 1544 1609 usurpant3

366 1636 471 1675 nec
501 1615 804 1694 quidquam
830 1614 984 1693 prius
1009 1614 1349 1689 imbuuntur,
1387 1637 1548 1695 quam

365 1717 723 1763 contemnere
745 1701 904 1773 dem,
926 1719 1125 1759 exuere
1149 1702 1374 1779 patriam
1393 1723 1409 1759 z
1453 1723 1547 1781 pa-

370 1803 578 1859 rentes„
630 1789 850 1854 liberos,
897 1784 1112 1858 fratres,
1161 1786 1293 1844 vilia
1328 1789 1545 1848 habere.

369 1872 646 1950 augendae
674 1887 854 1931 tamen
869 1868 1543 1933 multitudiniconsulitur.

372 1979 496 2018 nam
512 1973 566 2015 et
583 1978 773 2017 necare
783 1974 1112 2037 quemquam
1127 1967 1195 2013 ex
1206 1959 1414 2032 agnatis
1419 1977 1547 2031 ‚ne-

370 2045 451 2104 fas
470 2066 486 2102 t
510 2042 820 2123 animasque
836 2042 1038 2121 praelio
1053 2054 1145 2099 aut
1163 2041 1433 2121 suppliciis
1453 2062 1550 2121 pe·

371 2147 728 2210 temptorum,
764 2145 1015 2187 aeternas
1043 2143 1260 2207 putant.
1303 2132 1433 2189 hinc
1457 2151 1554 2207 ge*

368 2216 598 2275 nefandi
615 2237 788 2288 amor,
814 2228 868 2271 et
882 2215 1155 2273 moriendi
1177 2229 1545 2294 contemptus,

366 2319 597 2376 corpora
622 2303 881 2368 condere,
907 2321 1071 2378 quarn
1096 2321 1353 2372 cremare,
1377 2323 1409 2361 e
1430 2322 1549 2361 mo·-

366 2400 422 2437 rc
447 2389 730 2462 AEgyptio:
773 2385 1070 2463 eademque
1100 2407 1252 2460 cura,
1291 2400 1348 2445 et
1374 2388 1441 2445 de
1465 2391 1544 2445 in-

362 2464 526 2524 semis
542 2464 840 2547 persuafi03
868 2471 1178 2533 coelestium
1194 2468 1404 2534 contra.
1454 2479 1541 2531 ,ΖΕ-
