1759 2992
325 127 902 205 rus-roxuxuia
950 161 1089 204 ιη.
1127 160 1221 202 tv.
1292 150 1381 220 25

185 244 436 304 hortium
453 258 827 326 exponerent=
876 248 894 275 ‘
925 243 1135 303 nullum
1151 240 1246 302 fibi
1265 242 1381 303 bel·

185 328 351 388 ‘dum
370 331 621 392 adversus
637 337 943 412 Romanos»,
960 351 1063 410 pro
1079 330 1275 409 quibus
1294 346 1382 388 to-

186 415 209 449 ‘
238 418 382 476 tiens
405 418 701 478 bellassent}
732 418 902 494 longa
926 432 1088 496 atque
1105 417 1261 476 irrita
1274 418 1381 474 rni-

187 503 528 579 ‘alitiavfeffiffi
550 508 750 585 patriae
767 519 934 580 atque
951 507 1053 563 otii
1069 502 1382 582 cupidinem

190 588 352 651 ‘-effe.
399 591 437 651 fi
453 613 625 652 -nemo
642 590 944 662 obsisteret?
958 591 1253 649 innoxium
1277 590 1384 648 iter

185 677 206 708 ‘
228 678 377 738 soro:
432 678 513 739 fin
541 700 692 753 arma
711 692 1023 749 occurrant,
1061 676 1207 736 ferro
1233 678 1382 736 viam

185 764 603 826 ‘·inventuros.'
646 768 993 824 cunctantem
1017 764 1252 840 legatum
1275 767 1385 822 mi·

183 850 311 911 lites
332 853 706 930 perpulerant,
728 852 747 882 ‘
772 849 1049 908 fortunam
1072 850 1263 928 proelii
1286 869 1383 908 ex·

183 938 206 971 ⁴
236 940 545 1017 pei-iretur?
590 939 695 995 tria
730 938 904 994 millia
936 937 1383 1011 legionariorum,

185 1039 247 1085 et
277 1021 658 1095 tumultuariae
688 1021 967 1097 Belgarum
994 1016 1275 1093 cohortes,
1320 1020 1388 1079 fi·

186 1109 305 1169 mul
323 1129 670 1188 paganorum
690 1107 1031 1186 lixarumque
1048 1109 1285 1184 ignavia,
1297 1103 1387 1165 sed

184 1215 400 1277 procax
423 1193 874 1275 ante-»periculum
886 1194 1415 1268 manusflmnibusx

185 1285 364 1362 portis
377 1288 1014 1363 erumpuntmtBatavos
1032 1300 1263 1340 numero
1281 1282 1385 1338 im-

185 1390 342 1448 pares
361 1367 827 1428 circumfundant.
864 1369 944 1426 ini
964 1386 1171 1427 veteres
1188 1368 1383 1427 militi-

187 1473 275 1525 ae,
318 1457 379 1512 in
399 1475 607 1513 cuneos
634 1469 1063 1530 congregantur,
1109 1454 1257 1515 denfi
1281 1475 1383 1514 un·

187 1537 383 1614 dique,
413 1553 468 1596 et
488 1536 725 1598 frontem
742 1554 1000 1616 tergaque
1016 1544 1231 1600 aelatus
1251 1544 1381 1601 tuti.

187 1622 266 1684 fic
277 1638 494 1681 tenuem
509 1624 815 1683 nostrorum
831 1628 999 1683 aciem
1017 1627 1383 1704 perfringunt.

184 1709 514 1770 cedentibus
538 1710 740 1788 Belgis,
763 1710 979 1791 pellitur
999 1712 1167 1791 legio,
1192 1728 1246 1771 et
1270 1713 1389 1772 val«

184 1796 302 1856 lum
329 1794 1135 1879 portasquetrepidipetebant.
1167 1801 1241 1860 ibi
1258 1800 1383 1879 plu-

181 1886 390 1943 rimum
401 1883 568 1945 cladis
585 1909 602 1959 3
618 1884 925 1946 cumulatae
935 1888 1258 1968 corporibus
1269 1887 1382 1947 fos·

180 1969 301 2043 sae3
331 1991 434 2030 nec
446 1973 615 2032 caede
631 1988 844 2032 tantum
861 1991 915 2033 et
932 1975 1273 2049 vulneribus,
1288 1973 1382 2036 sed
1449 2008 1454 2013 ·

180 2060 368 2131 ruina,
381 2072 435 2116 et
449 2055 814 2140 suisplerique
830 2062 952 2120 telis
969 2064 1241 2121 interiere.
1261 2064 1382 2120 vic-

178 2143 582 2217 tore3,colonia
599 2155 642 2204 A
652 2147 1075 2225 grippinenfium
1089 2150 1285 2218 vitata,
1295 2149 1382 2204 ni-

177 2231 260 2288 hil
296 2248 481 2290 cetero
514 2233 568 2291 in
607 2235 802 2291 itinere
832 2235 1025 2293 hostile
1053 2231 1184 2304 anfi,
1230 2239 1381 2292 Bon-

181 2317 349 2376 nense
390 2319 654 2396 proelium
695 2320 1054 2392 excusabant3
1105 2336 1382 2397 tamquam

180 2405 354 2481 petita
370 2424 520 2481 pace,
538 2403 816 2484 postquam
834 2409 1154 2482 negabatur,
1171 2403 1381 2471 fibiinet

100 2507 135 2552 2
151 2509 174 2552 1
188 2487 286 2568 ipsi
305 2487 714 2553 consuluiffent.
756 2493 952 2553 Civilis
970 2494 1204 2554 adventu
1230 2507 1381 2554 vete·

274 2581 458 2636 ΤοΜ.
498 2597 590 2635 ιν.
812 2583 858 2636 Β
