1759 2992
366 117 486 172 272
622 114 716 156 ne
754 105 1273 155 oxAro'tttnus

357 200 542 256 minus
562 196 881 275 prudentiae
908 197 1208 273 exigentes,
1237 191 1413 271 pueris
1441 185 1542 249 de'-

356 281 648 357 legantur3
700 279 1105 340 controversiae
1145 277 1545 338 robustioribus

356 366 688 443 affignantur
702 408 722 439 ,
749 366 936 444 quales
951 387 1050 444 per
1072 364 1230 423 fidem
1246 407 1263 436 ‚
1301 378 1355 421 et
1379 382 1548 441 quam

356 451 748 510 incredibiliter
777 449 1139 528 compositae!
1184 448 1428 528 sequitur
1448 466 1550 505 au-

355 553 467 594 tem
508 551 570 592 ut
607 538 865 594 materiae
903 537 1220 593 abhorrenti
1252 555 1283 592 a
1315 533 1556 595 veritate

354 619 678 679 declamatio
708 637 934 698 quoque
970 618 1309 678 adhibeatur.
1369 616 1445 677 fic
1485 618 1559 676 fit

356 721 419 765 ut
454 706 920 784 tyrannicidarum
959 705 1230 785 praemia,
1273 718 1368 760 aut
1409 706 1558 761 viti·

359 807 573 852 atarum
610 792 903 851 electiones
922 834 939 861 ,
962 807 1066 871 ,aut
1096 789 1429 870 pestilentiae
1458 808 1555 847 re·

363 878 543 939 media
562 920 584 954 ‚
618 893 713 937 aut
747 877 947 937 incesta
969 894 1229 951 matrum,
1262 890 1355 933 aut
1383 876 1558 952 quid-

366 964 501 1044 quid
522 968 583 1023 in
615 963 795 1025 schola
814 961 1061 1044 quotidie
1084 966 1292 1041 agitur;
1334 963 1392 1019 in
1420 959 1557 1019 foro

366 1051 454 1110 vel
487 1070 613 1109 raro
648 1071 949 1128 numquam
969 1092 989 1123 ‚
1027 1050 1339 1128 ingentibus
1372 1048 1557 1106 verbis

364 1133 755 1213 persequantur
773 1157 789 1190 z
843 1154 968 1192 cum
1012 1135 1080 1191 ad
1129 1152 1290 1192 veros
1331 1132 1560 1207 judices

366 1233 592 1279 ventum
616 1216 690 1275 est
713 1237 822 1275 rem
848 1219 1124 1292 cogitare,
1160 1214 1297 1273 nihil
1321 1216 1559 1284 humile,

360 1303 503 1361 nihil
518 1301 782 1377 abjectum
798 1300 982 1379 eloqui
1001 1315 1240 1380 poterat.
1329 1305 1550 1376 Magna
1567 1330 1600 1389 3
1613 1312 1653 1374 6

360 1385 700 1466 eloquentia,
723 1383 858 1446 ficut
871 1388 1085 1447 flunma
1111 1384 1338 1447 materia
1360 1385 1559 1461 alitur,

365 1488 423 1536 et
444 1476 688 1533 motibus
717 1475 1007 1543 excitatur,
1035 1488 1093 1532 et
1120 1472 1335 1533 urendo
1364 1470 1558 1531 clares-

364 1562 465 1622 cit.
508 1558 694 1620 eadem
715 1561 858 1619 ratio
881 1562 941 1619 in
969 1558 1398 1639 nostra⁴qu0que
1421 1557 1556 1617 civi·

369 1660 487 1706 tate
508 1648 866 1727 antiquorum
879 1646 1253 1727 eloquentiam
1277 1644 1556 1725 provexit.

373 1751 503 1791 nam
527 1727 622 1789 etii
645 1734 844 1791 horum
868 1750 1093 1811 quoque
1107 1745 1417 1811 temporum
1434 1748 1558 1789 ora·

369 1830 522 1875 tores
544 1835 607 1874 ea
630 1815 910 1876 consecuti
932 1815 1080 1891 sunt,
1104 1835 1245 1893 quae
1257 1813 1564 1894 composita

369 1915 428 1961 et
448 1902 636 1979 quieta
656 1915 714 1959 et
734 1902 890 1959 beata
910 1900 1186 1978 republica
1207 1901 1375 1958 tribui
1398 1898 1484 1958 fae
1505 1921 1563 1960 e·

373 2001 457 2047 rat
471 2008 487 2044 ε
514 2001 699 2044 tamen
715 1984 809 2045 ista
829 1986 1242 2063 perturbatione
1257 2006 1320 2043 ac
1335 1984 1564 2045 licentia

376 2073 534 2154 plura
554 2070 647 2133 fibi
666 2070 863 2151 assequi
886 2069 1233 2145 videbantur,
1263 2091 1389 2131 cum
1413 2073 1564 2130 mix·

376 2161 453 2217 tis
476 2160 737 2218 omnibus
768 2172 822 2215 et
850 2155 1200 2216 moderatore
1219 2175 1335 2216 uno
1368 2177 1564 2217 caren-

378 2247 529 2303 tibus
549 2286 567 2318 ‚
608 2257 820 2302 tantum
859 2240 1088 2321 quisque
1123 2257 1311 2302 orator
1334 2240 1563 2323 saperet,

377 2344 642 2405 quantum
665 2329 862 2387 erranti
888 2327 1097 2408 populo
1129 2326 1430 2407 persuaderi
1458 2349 1564 2406 po·

379 2426 536 2472 terat.
582 2415 712 2473 hinc
732 2413 875 2492 leges
898 2412 1143 2484 affiduae,
1166 2412 1427 2494 populare
1456 2434 1565 2474 no·
