1759 2992
541 131 986 174 unrocus.
1257 114 1371 192 263

189 212 214 250 ⁴
243 233 471 276 omnem*
515 215 766 276 omnium
820 215 1022 274 artium
1062 211 1378 278 varietatem

190 300 215 335 ⁴
244 299 736 380 complecteretur:
776 300 963 379 itaque
982 300 1201 361 hercule
1222 303 1283 360 in
1308 300 1380 361 li-

191 387 308 448 bris
332 388 618 448 Ciceronis
642 383 1042 464 deprehendere
1060 386 1220 463 licet,
1257 407 1379 450 non

190 473 522 551 geometriae
538 514 560 548 ,
603 491 723 532 non
751 468 1006 546 mulicae,
1042 492 1166 532 non
1193 492 1379 553 gram·
1473 532 1486 541 ,

190 560 418 619 maticae
434 600 451 627 ‚
498 577 619 620 non
639 556 878 638 denique
908 556 1073 617 ullius
1112 559 1381 637 ingenuae

189 646 327 706 artis
355 642 635 707 scientiam
664 646 718 704 ei
737 642 979 705 definiss'e.
1025 642 1117 704 ille
1138 644 1381 707 dialceti-

188 752 288 792 cae
309 728 698 804 subtilitatem3
723 730 816 792 ille
836 730 1062 791 moralia
1081 734 1250 810 partis
1268 732 1379 792 uti·

189 817 400 879 litatem
421 840 443 891 ς
492 817 585 879 ille
634 837 817 878 rerum
857 830 1044 878 motus
1085 816 1382 898 causasque

189 904 491 982 cognovit3
521 904 600 962 ita
620 905 771 961 enim
796 900 872 961 est
887 942 911 978 ,
932 901 1132 981 optimi
1153 904 1280 971 viri,
1304 906 1380 962 ita

190 1008 265 1050 ex
283 987 456 1050 multa
487 987 816 1062 eruditione,
858 1006 935 1046 ex
964 986 1214 1066 pluribus
1249 989 1382 1048 arti·

189 1076 317 1148 bus,
344 1089 400 1133 et
422 1075 673 1134 omnium
696 1091 878 1133 rerum
901 1070 1122 1132 scientia
1134 1074 1381 1134 exundat

190 1174 250 1224 et
269 1162 534 1222 exuberat
550 1159 645 1221 issa
662 1157 997 1221 admirabilis
1019 1158 1339 1239 eloquentia
1358 1180 1381 1233 ς

193 1266 377 1327 neque
398 1248 634 1307 oratoris
652 1248 739 1306 vis
769 1260 828 1306 et
849 1243 1098 1321 facultas,
1133 1244 1269 1308 ficut
1291 1266 1383 1308 ce·

194 1348 428 1392 terarum
446 1353 648 1407 rerum,
671 1330 912 1410 angustis
927 1347 983 1390 et
996 1333 1255 1394 brevibus
1271 1348 1381 1392 ter·

193 1419 363 1477 minis
383 1417 650 1482 cluditur:
676 1417 765 1477 sed
791 1421 838 1475 is
854 1415 929 1477 est
955 1432 1165 1493 orator,
1193 1416 1384 1498 quide

193 1502 350 1561 omni
367 1501 683 1580 quaestione
706 1502 932 1581 pulchre
953 1517 1291 1564 etornateet
1312 1500 1385 1562 ad

193 1584 620 1668 persuadendum
636 1602 762 1665 apte
777 1585 977 1660 dicere,
998 1606 1101 1666 pro
1118 1585 1385 1665 dignitate

193 1691 372 1732 rerum
390 1713 411 1748 ,
449 1672 520 1733 ad
557 1672 846 1733 utilitatem
890 1687 1219 1754 temporum,
1256 1691 1384 1733 cum

108 1790 142 1851 3
159 1789 184 1833 1
204 1757 490 1839 voluptate
504 1758 842 1819 audientium
857 1756 1039 1838 possit.
1119 1762 1271 1819 Haec
1284 1757 1383 1820 fibi

194 1844 272 1905 illi
289 1860 502 1907 veteres
525 1842 946 1926 persuadebant3
974 1844 1040 1904 ad
1063 1847 1196 1905 haec
1217 1844 1384 1907 effici·

192 1929 334 1991 enda
351 1932 724 2009 intelligebant
739 1951 881 2013 opus
899 1929 1024 2007 esse,
1045 1951 1163 1991 non
1184 1947 1246 1991 ut
1261 1933 1384 1990 rhe-

192 2030 375 2077 torum
394 2013 589 2078 scholis
618 2016 1007 2092 declamarent,
1036 2038 1142 2076 nec
1159 2031 1222 2076 ut
1243 2016 1385 2075 fictis

193 2120 298 2164 nec
327 2102 440 2162 ullo
469 2103 637 2162 modo
665 2103 732 2161 ad
762 2104 1049 2162 veritatem
1071 2099 1388 2161 'accedenti-

192 2186 301 2245 bus
322 2186 716 2246 controverfiis
748 2187 989 2263 linguam
1012 2184 1185 2244 modo
1208 2200 1262 2243 et
1284 2205 1391 2244 vo·

194 2289 314 2329 cem
331 2286 676 2344 exercet-enm
694 2268 779 2331 sed
795 2287 858 2330 ut
872 2274 958 2329 his
976 2270 1184 2329 artibus
1202 2275 1389 2351 pectus

192 2353 502 2435 implerent,
528 2357 588 2417 in
608 2358 809 2437 quibua
828 2355 899 2416 de
917 2356 1083 2416 bonis
1114 2376 1178 2416 ac
1208 2356 1393 2432 malis,

195 2443 264 2505 de
293 2441 523 2506 honesto
554 2464 618 2507 ac
634 2445 808 2526 turpi,
841 2440 911 2505 de
931 2440 1083 2524 justo
1111 2441 1391 2524 etinjusto
