<?xml version="1.0" encoding="UTF-8"?>
<!DOCTYPE html PUBLIC "-//W3C//DTD XHTML 1.0 Transitional//EN"
    "http://www.w3.org/TR/xhtml1/DTD/xhtml1-transitional.dtd">
<html xmlns="http://www.w3.org/1999/xhtml" xml:lang="en" lang="en">
 <head>
  <title>
</title>
<meta http-equiv="Content-Type" content="text/html;charset=utf-8" />
  <meta name='ocr-system' content='tesseract 3.04.00' />
  <meta name='ocr-capabilities' content='ocr_page ocr_carea ocr_par ocr_line ocrx_word'/>
</head>
<body>
  <div class='ocr_page' id='page_1' title='image "./ccorneliitaciti05grongoog_0261.png"; bbox 0 0 1759 2992; ppageno 0'>
   <div class='ocr_carea' id='block_1_1' title="bbox 399 129 1383 189">
    <p class='ocr_par' dir='ltr' id='par_1_1' title="bbox 399 129 1383 189">
     <span class='ocr_line' id='line_1_1' title="bbox 399 129 1383 189; baseline 0.005 -18"><span class='ocrx_word' id='word_1_1' title='bbox 399 130 618 189; x_wconf 25' lang='lat' dir='ltr'>&amp;tv-1011</span> <span class='ocrx_word' id='word_1_2' title='bbox 656 130 1176 173; x_wconf 44' lang='lat' dir='ltr'>aemonius.</span> <span class='ocrx_word' id='word_1_3' title='bbox 1266 129 1383 188; x_wconf 72' lang='lat'>217</span> 
     </span>
    </p>
   </div>
   <div class='ocr_carea' id='block_1_2' title="bbox 193 211 1397 2147">
    <p class='ocr_par' dir='ltr' id='par_1_2' title="bbox 193 211 1397 2147">
     <span class='ocr_line' id='line_1_2' title="bbox 204 211 1395 291; baseline 0.002 -20"><span class='ocrx_word' id='word_1_4' title='bbox 204 212 317 271; x_wconf 81' lang='lat' dir='ltr'>tius</span> <span class='ocrx_word' id='word_1_5' title='bbox 342 212 732 291; x_wconf 75' lang='lat' dir='ltr'><strong>temporalibus</strong></span> <span class='ocrx_word' id='word_1_6' title='bbox 756 213 1024 282; x_wconf 81' lang='lat' dir='ltr'>laudibus,</span> <span class='ocrx_word' id='word_1_7' title='bbox 1047 229 1104 271; x_wconf 84' lang='lat' dir='ltr'>et</span> <span class='ocrx_word' id='word_1_8' title='bbox 1129 211 1167 272; x_wconf 81' lang='lat' dir='ltr'>fi</span> <span class='ocrx_word' id='word_1_9' title='bbox 1194 230 1395 275; x_wconf 84' lang='lat' dir='ltr'>natura</span> 
     </span>
     <span class='ocr_line' id='line_1_3' title="bbox 205 297 1391 377; baseline 0.002 -20"><span class='ocrx_word' id='word_1_10' title='bbox 205 297 532 377; x_wconf 81' lang='lat' dir='ltr'>suppeditet,</span> <span class='ocrx_word' id='word_1_11' title='bbox 561 298 792 357; x_wconf 85' lang='lat' dir='ltr'>militum</span> <span class='ocrx_word' id='word_1_12' title='bbox 829 298 1167 359; x_wconf 85' lang='lat' dir='ltr'>decoramus.</span> <span class='ocrx_word' id='word_1_13' title='bbox 1226 301 1273 358; x_wconf 85' lang='lat' dir='ltr'>is</span> <span class='ocrx_word' id='word_1_14' title='bbox 1299 320 1391 359; x_wconf 88' lang='lat' dir='ltr'>ve-</span> 
     </span>
     <span class='ocr_line' id='line_1_4' title="bbox 204 384 1395 467; baseline 0.003 -25"><span class='ocrx_word' id='word_1_15' title='bbox 204 404 304 443; x_wconf 81' lang='lat' dir='ltr'>rus</span> <span class='ocrx_word' id='word_1_16' title='bbox 330 387 511 441; x_wconf 76' lang='lat' dir='ltr'>honos</span> <span class='ocrx_word' id='word_1_17' title='bbox 533 425 552 456; x_wconf 91' lang='lat'><strong><em>‚</em></strong></span> <span class='ocrx_word' id='word_1_18' title='bbox 588 404 649 442; x_wconf 90' lang='lat' dir='ltr'>ea</span> <span class='ocrx_word' id='word_1_19' title='bbox 673 384 1090 461; x_wconf 68' lang='lat' dir='ltr'>conjunciissimi</span> <span class='ocrx_word' id='word_1_20' title='bbox 1130 384 1395 467; x_wconf 81' lang='lat' dir='ltr'>cujusque</span> 
     </span>
     <span class='ocr_line' id='line_1_5' title="bbox 207 468 1393 550; baseline 0.002 -23"><span class='ocrx_word' id='word_1_21' title='bbox 207 471 406 549; x_wconf 81' lang='lat' dir='ltr'>pietas.</span> <span class='ocrx_word' id='word_1_22' title='bbox 450 468 507 526; x_wconf 89' lang='lat' dir='ltr'>id</span> <span class='ocrx_word' id='word_1_23' title='bbox 530 468 671 528; x_wconf 80' lang='lat' dir='ltr'>filiae</span> <span class='ocrx_word' id='word_1_24' title='bbox 697 490 921 549; x_wconf 88' lang='lat' dir='ltr'>quoque</span> <span class='ocrx_word' id='word_1_25' title='bbox 943 471 1217 548; x_wconf 87' lang='lat' dir='ltr'>uxorique</span> <span class='ocrx_word' id='word_1_26' title='bbox 1238 492 1393 550; x_wconf 87' lang='lat' dir='ltr'>prae·-</span> 
     </span>
     <span class='ocr_line' id='line_1_6' title="bbox 205 553 1394 634; baseline 0.001 -20"><span class='ocrx_word' id='word_1_27' title='bbox 205 556 444 634; x_wconf 81' lang='lat' dir='ltr'>ceper-im</span> <span class='ocrx_word' id='word_1_28' title='bbox 462 597 478 622; x_wconf 93' lang='lat'>‚</span> <span class='ocrx_word' id='word_1_29' title='bbox 512 553 579 613; x_wconf 85' lang='lat' dir='ltr'>fic</span> <span class='ocrx_word' id='word_1_30' title='bbox 598 558 771 633; x_wconf 78' lang='lat' dir='ltr'>patris</span> <span class='ocrx_word' id='word_1_31' title='bbox 787 600 806 630; x_wconf 90' lang='lat'><strong><em>,</em></strong></span> <span class='ocrx_word' id='word_1_32' title='bbox 837 554 911 616; x_wconf 83' lang='lat' dir='ltr'>fic</span> <span class='ocrx_word' id='word_1_33' title='bbox 932 559 1113 616; x_wconf 78' lang='lat' dir='ltr'>mariti</span> <span class='ocrx_word' id='word_1_34' title='bbox 1139 558 1394 616; x_wconf 87' lang='lat' dir='ltr'>memori-</span> 
     </span>
     <span class='ocr_line' id='line_1_7' title="bbox 207 641 1392 721; baseline 0.002 -22"><span class='ocrx_word' id='word_1_35' title='bbox 207 660 297 699; x_wconf 85' lang='lat' dir='ltr'>am</span> <span class='ocrx_word' id='word_1_36' title='bbox 314 642 583 709; x_wconf 82' lang='lat' dir='ltr'>venerari,</span> <span class='ocrx_word' id='word_1_37' title='bbox 607 656 670 699; x_wconf 90' lang='lat' dir='ltr'>ut</span> <span class='ocrx_word' id='word_1_38' title='bbox 692 644 878 701; x_wconf 88' lang='lat' dir='ltr'>omnia</span> <span class='ocrx_word' id='word_1_39' title='bbox 899 641 1037 701; x_wconf 68' lang='lat' dir='ltr'>facia</span> <span class='ocrx_word' id='word_1_40' title='bbox 1063 642 1313 721; x_wconf 64' lang='lat' dir='ltr'>dictaque</span> <span class='ocrx_word' id='word_1_41' title='bbox 1334 663 1392 701; x_wconf 89' lang='lat' dir='ltr'>e-</span> 
     </span>
     <span class='ocr_line' id='line_1_8' title="bbox 193 723 1393 807; baseline 0.003 -24"><span class='ocrx_word' id='word_1_42' title='bbox 193 725 294 805; x_wconf 79' lang='lat' dir='ltr'>jus</span> <span class='ocrx_word' id='word_1_43' title='bbox 321 723 494 786; x_wconf 86' lang='lat' dir='ltr'>secum</span> <span class='ocrx_word' id='word_1_44' title='bbox 508 727 823 803; x_wconf 83' lang='lat' dir='ltr'>revolvant,</span> <span class='ocrx_word' id='word_1_45' title='bbox 852 726 1159 804; x_wconf 79' lang='lat' dir='ltr'>famamque</span> <span class='ocrx_word' id='word_1_46' title='bbox 1176 747 1237 788; x_wconf 82' lang='lat' dir='ltr'>ac</span> <span class='ocrx_word' id='word_1_47' title='bbox 1254 726 1393 807; x_wconf 84' lang='lat' dir='ltr'>figu-</span> 
     </span>
     <span class='ocr_line' id='line_1_9' title="bbox 200 812 1394 892; baseline 0.002 -22"><span class='ocrx_word' id='word_1_48' title='bbox 200 831 319 870; x_wconf 86' lang='lat' dir='ltr'>ram</span> <span class='ocrx_word' id='word_1_49' title='bbox 344 812 516 872; x_wconf 81' lang='lat' dir='ltr'>animi</span> <span class='ocrx_word' id='word_1_50' title='bbox 550 812 725 889; x_wconf 84' lang='lat' dir='ltr'>magis</span> <span class='ocrx_word' id='word_1_51' title='bbox 762 831 928 892; x_wconf 83' lang='lat' dir='ltr'>quam</span> <span class='ocrx_word' id='word_1_52' title='bbox 955 812 1203 890; x_wconf 81' lang='lat' dir='ltr'>corporis</span> <span class='ocrx_word' id='word_1_53' title='bbox 1240 833 1394 872; x_wconf 85' lang='lat' dir='ltr'>com-</span> 
     </span>
     <span class='ocr_line' id='line_1_10' title="bbox 201 893 1395 975; baseline 0.003 -21"><span class='ocrx_word' id='word_1_54' title='bbox 201 896 510 975; x_wconf 69' lang='lat' dir='ltr'>plectantur</span> <span class='ocrx_word' id='word_1_55' title='bbox 533 917 551 964; x_wconf 81' lang='lat'>3</span> <span class='ocrx_word' id='word_1_56' title='bbox 605 916 722 954; x_wconf 87' lang='lat' dir='ltr'>non</span> <span class='ocrx_word' id='word_1_57' title='bbox 768 898 902 975; x_wconf 87' lang='lat' dir='ltr'>quia</span> <span class='ocrx_word' id='word_1_58' title='bbox 942 893 1395 958; x_wconf 82' lang='lat' dir='ltr'>intercedendum</span> 
     </span>
     <span class='ocr_line' id='line_1_11' title="bbox 203 981 1397 1058; baseline 0.003 -21"><span class='ocrx_word' id='word_1_59' title='bbox 203 996 394 1058; x_wconf 81' lang='lat' dir='ltr'>putem</span> <span class='ocrx_word' id='word_1_60' title='bbox 431 981 759 1055; x_wconf 77' lang='lat' dir='ltr'>imaginibus</span> <span class='ocrx_word' id='word_1_61' title='bbox 799 999 944 1058; x_wconf 87' lang='lat' dir='ltr'>quae</span> <span class='ocrx_word' id='word_1_62' title='bbox 986 1000 1259 1041; x_wconf 80' lang='lat' dir='ltr'>marmore</span> <span class='ocrx_word' id='word_1_63' title='bbox 1301 997 1397 1042; x_wconf 84' lang='lat' dir='ltr'>aut</span> 
     </span>
     <span class='ocr_line' id='line_1_12' title="bbox 203 1062 1395 1143; baseline 0.004 -21"><span class='ocrx_word' id='word_1_64' title='bbox 203 1084 330 1123; x_wconf 83' lang='lat' dir='ltr'>aere</span> <span class='ocrx_word' id='word_1_65' title='bbox 352 1062 667 1141; x_wconf 77' lang='lat' dir='ltr'>finguntur:</span> <span class='ocrx_word' id='word_1_66' title='bbox 694 1062 783 1124; x_wconf 87' lang='lat' dir='ltr'>sed</span> <span class='ocrx_word' id='word_1_67' title='bbox 795 1079 860 1124; x_wconf 81' lang='lat' dir='ltr'>ut</span> <span class='ocrx_word' id='word_1_68' title='bbox 877 1064 1065 1124; x_wconf 81' lang='lat' dir='ltr'>vultus</span> <span class='ocrx_word' id='word_1_69' title='bbox 1081 1068 1395 1143; x_wconf 84' lang='lat' dir='ltr'>hominum,</span> 
     </span>
     <span class='ocr_line' id='line_1_13' title="bbox 201 1147 1394 1213; baseline 0.004 -5"><span class='ocrx_word' id='word_1_70' title='bbox 201 1152 280 1208; x_wconf 84' lang='lat' dir='ltr'>ita</span> <span class='ocrx_word' id='word_1_71' title='bbox 306 1147 586 1209; x_wconf 66' lang='lat' dir='ltr'>simulacra</span> <span class='ocrx_word' id='word_1_72' title='bbox 600 1148 788 1210; x_wconf 76' lang='lat' dir='ltr'>vultus</span> <span class='ocrx_word' id='word_1_73' title='bbox 809 1150 1080 1212; x_wconf 84' lang='lat' dir='ltr'>imbecilla</span> <span class='ocrx_word' id='word_1_74' title='bbox 1102 1172 1165 1212; x_wconf 87' lang='lat' dir='ltr'>ac</span> <span class='ocrx_word' id='word_1_75' title='bbox 1186 1168 1394 1213; x_wconf 86' lang='lat' dir='ltr'>morta-</span> 
     </span>
     <span class='ocr_line' id='line_1_14' title="bbox 199 1232 1394 1320; baseline 0.003 -25"><span class='ocrx_word' id='word_1_76' title='bbox 199 1238 277 1295; x_wconf 87' lang='lat' dir='ltr'>lia</span> <span class='ocrx_word' id='word_1_77' title='bbox 299 1232 460 1307; x_wconf 88' lang='lat' dir='ltr'>sunt;</span> <span class='ocrx_word' id='word_1_78' title='bbox 504 1234 679 1295; x_wconf 83' lang='lat' dir='ltr'>forma</span> <span class='ocrx_word' id='word_1_79' title='bbox 714 1238 918 1297; x_wconf 76' lang='lat' dir='ltr'>mentis</span> <span class='ocrx_word' id='word_1_80' title='bbox 941 1253 1195 1313; x_wconf 87' lang='lat' dir='ltr'>aeterna,</span> <span class='ocrx_word' id='word_1_81' title='bbox 1224 1259 1394 1320; x_wconf 84' lang='lat' dir='ltr'>quam</span> 
     </span>
     <span class='ocr_line' id='line_1_15' title="bbox 201 1323 1395 1403; baseline 0.004 -24"><span class='ocrx_word' id='word_1_82' title='bbox 201 1337 389 1380; x_wconf 82' lang='lat' dir='ltr'>tenere</span> <span class='ocrx_word' id='word_1_83' title='bbox 401 1336 458 1381; x_wconf 86' lang='lat' dir='ltr'>et</span> <span class='ocrx_word' id='word_1_84' title='bbox 471 1324 772 1401; x_wconf 81' lang='lat' dir='ltr'>exprimere</span> <span class='ocrx_word' id='word_1_85' title='bbox 783 1344 901 1383; x_wconf 81' lang='lat' dir='ltr'>non</span> <span class='ocrx_word' id='word_1_86' title='bbox 916 1343 1014 1403; x_wconf 81' lang='lat' dir='ltr'>per</span> <span class='ocrx_word' id='word_1_87' title='bbox 1028 1323 1264 1386; x_wconf 81' lang='lat' dir='ltr'>alienam</span> <span class='ocrx_word' id='word_1_88' title='bbox 1278 1344 1395 1388; x_wconf 85' lang='lat' dir='ltr'>ma·</span> 
     </span>
     <span class='ocr_line' id='line_1_16' title="bbox 200 1407 1395 1488; baseline 0.006 -24"><span class='ocrx_word' id='word_1_89' title='bbox 200 1408 394 1464; x_wconf 86' lang='lat' dir='ltr'>teriam</span> <span class='ocrx_word' id='word_1_90' title='bbox 424 1419 480 1464; x_wconf 87' lang='lat' dir='ltr'>et</span> <span class='ocrx_word' id='word_1_91' title='bbox 513 1422 705 1480; x_wconf 86' lang='lat' dir='ltr'>artem,</span> <span class='ocrx_word' id='word_1_92' title='bbox 745 1407 834 1467; x_wconf 85' lang='lat' dir='ltr'>sed</span> <span class='ocrx_word' id='word_1_93' title='bbox 869 1411 979 1467; x_wconf 80' lang='lat' dir='ltr'>tuis</span> <span class='ocrx_word' id='word_1_94' title='bbox 1010 1408 1123 1488; x_wconf 74' lang='lat' dir='ltr'>ipie</span> <span class='ocrx_word' id='word_1_95' title='bbox 1147 1413 1395 1471; x_wconf 76' lang='lat' dir='ltr'>moribus</span> 
     </span>
     <span class='ocr_line' id='line_1_17' title="bbox 196 1489 1395 1570; baseline 0.008 -22"><span class='ocrx_word' id='word_1_96' title='bbox 196 1491 390 1565; x_wconf 75' lang='lat' dir='ltr'>pollis.</span> <span class='ocrx_word' id='word_1_97' title='bbox 458 1489 725 1570; x_wconf 86' lang='lat' dir='ltr'>quidquid</span> <span class='ocrx_word' id='word_1_98' title='bbox 764 1512 838 1550; x_wconf 86' lang='lat' dir='ltr'>ex</span> <span class='ocrx_word' id='word_1_99' title='bbox 884 1494 1145 1568; x_wconf 81' lang='lat' dir='ltr'>Agricola</span> <span class='ocrx_word' id='word_1_100' title='bbox 1187 1498 1395 1557; x_wconf 79' lang='lat' dir='ltr'>amavi-</span> 
     </span>
     <span class='ocr_line' id='line_1_18' title="bbox 200 1572 1392 1655; baseline 0.007 -24"><span class='ocrx_word' id='word_1_101' title='bbox 200 1594 328 1636; x_wconf 81' lang='lat' dir='ltr'>mus</span> <span class='ocrx_word' id='word_1_102' title='bbox 349 1617 365 1643; x_wconf 92' lang='lat'>,</span> <span class='ocrx_word' id='word_1_103' title='bbox 408 1572 676 1654; x_wconf 86' lang='lat' dir='ltr'>quidquid</span> <span class='ocrx_word' id='word_1_104' title='bbox 719 1578 901 1635; x_wconf 85' lang='lat' dir='ltr'>mirati</span> <span class='ocrx_word' id='word_1_105' title='bbox 942 1577 1144 1650; x_wconf 80' lang='lat' dir='ltr'>sumus,</span> <span class='ocrx_word' id='word_1_106' title='bbox 1183 1596 1392 1655; x_wconf 85' lang='lat' dir='ltr'>manet,</span> 
     </span>
     <span class='ocr_line' id='line_1_19' title="bbox 199 1657 1390 1740; baseline 0.003 -19"><span class='ocrx_word' id='word_1_107' title='bbox 199 1657 624 1738; x_wconf 83' lang='lat' dir='ltr'>mansurumque</span> <span class='ocrx_word' id='word_1_108' title='bbox 660 1659 733 1719; x_wconf 90' lang='lat' dir='ltr'>est</span> <span class='ocrx_word' id='word_1_109' title='bbox 761 1662 818 1719; x_wconf 89' lang='lat' dir='ltr'>in</span> <span class='ocrx_word' id='word_1_110' title='bbox 847 1664 1047 1720; x_wconf 81' lang='lat' dir='ltr'>animis</span> <span class='ocrx_word' id='word_1_111' title='bbox 1079 1665 1390 1740; x_wconf 86' lang='lat' dir='ltr'>hominum,</span> 
     </span>
     <span class='ocr_line' id='line_1_20' title="bbox 199 1746 1387 1825; baseline 0.005 -20"><span class='ocrx_word' id='word_1_112' title='bbox 199 1748 263 1805; x_wconf 89' lang='lat' dir='ltr'>in</span> <span class='ocrx_word' id='word_1_113' title='bbox 288 1749 609 1805; x_wconf 84' lang='lat' dir='ltr'>aeternitate</span> <span class='ocrx_word' id='word_1_114' title='bbox 638 1762 951 1825; x_wconf 86' lang='lat' dir='ltr'>temporum</span> <span class='ocrx_word' id='word_1_115' title='bbox 967 1789 990 1822; x_wconf 87' lang='lat'>,</span> <span class='ocrx_word' id='word_1_116' title='bbox 1020 1746 1162 1808; x_wconf 87' lang='lat' dir='ltr'>fama</span> <span class='ocrx_word' id='word_1_117' title='bbox 1182 1770 1387 1811; x_wconf 83' lang='lat' dir='ltr'>rerum.</span> 
     </span>
     <span class='ocr_line' id='line_1_21' title="bbox 201 1832 1392 1913; baseline 0.006 -23"><span class='ocrx_word' id='word_1_118' title='bbox 201 1852 333 1890; x_wconf 87' lang='lat' dir='ltr'>nam</span> <span class='ocrx_word' id='word_1_119' title='bbox 356 1832 561 1891; x_wconf 82' lang='lat' dir='ltr'>multos</span> <span class='ocrx_word' id='word_1_120' title='bbox 591 1850 833 1892; x_wconf 87' lang='lat' dir='ltr'>veterum</span> <span class='ocrx_word' id='word_1_121' title='bbox 856 1837 1007 1893; x_wconf 84' lang='lat' dir='ltr'>velut</span> <span class='ocrx_word' id='word_1_122' title='bbox 1040 1836 1311 1913; x_wconf 79' lang='lat' dir='ltr'>inglorios</span> <span class='ocrx_word' id='word_1_123' title='bbox 1334 1853 1392 1897; x_wconf 89' lang='lat' dir='ltr'>et</span> 
     </span>
     <span class='ocr_line' id='line_1_22' title="bbox 199 1918 1390 2001; baseline 0.006 -26"><span class='ocrx_word' id='word_1_124' title='bbox 199 1918 473 1995; x_wconf 77' lang='lat' dir='ltr'>ignobiles</span> <span class='ocrx_word' id='word_1_125' title='bbox 503 1919 718 1979; x_wconf 80' lang='lat' dir='ltr'>oblivio</span> <span class='ocrx_word' id='word_1_126' title='bbox 739 1922 958 1992; x_wconf 85' lang='lat' dir='ltr'>obruet,</span> <span class='ocrx_word' id='word_1_127' title='bbox 986 1922 1247 2001; x_wconf 85' lang='lat' dir='ltr'>Agricola</span> <span class='ocrx_word' id='word_1_128' title='bbox 1264 1922 1390 2001; x_wconf 87' lang='lat' dir='ltr'>pos·</span> 
     </span>
     <span class='ocr_line' id='line_1_23' title="bbox 197 2004 1387 2091; baseline 0.008 -31"><span class='ocrx_word' id='word_1_129' title='bbox 197 2004 405 2063; x_wconf 81' lang='lat' dir='ltr'>teritati</span> <span class='ocrx_word' id='word_1_130' title='bbox 446 2020 693 2066; x_wconf 84' lang='lat' dir='ltr'>narratus</span> <span class='ocrx_word' id='word_1_131' title='bbox 720 2021 777 2066; x_wconf 91' lang='lat' dir='ltr'>et</span> <span class='ocrx_word' id='word_1_132' title='bbox 814 2007 1084 2087; x_wconf 66' lang='lat' dir='ltr'>tradituS,</span> <span class='ocrx_word' id='word_1_133' title='bbox 1129 2006 1387 2091; x_wconf 57' lang='lat' dir='ltr'>superstet</span> 
     </span>
     <span class='ocr_line' id='line_1_24' title="bbox 197 2103 329 2147; baseline 0.015 -2"><span class='ocrx_word' id='word_1_134' title='bbox 197 2103 329 2147; x_wconf 70' lang='lat' dir='ltr'>ent.</span> 
     </span>
    </p>
   </div>
   <div class='ocr_carea' id='block_1_3' title="bbox 290 2309 857 2368">
    <p class='ocr_par' dir='ltr' id='par_1_3' title="bbox 290 2309 857 2368">
     <span class='ocr_line' id='line_1_25' title="bbox 290 2309 857 2368; baseline 0.007 -4"><span class='ocrx_word' id='word_1_135' title='bbox 290 2309 590 2366; x_wconf 78' lang='lat' dir='ltr'>ToM.1v.</span> <span class='ocrx_word' id='word_1_136' title='bbox 805 2314 857 2368; x_wconf 88' lang='lat' dir='ltr'><strong>K</strong></span> 
     </span>
    </p>
   </div>
  </div>
 </body>
</html>
