1759 2992
355 189 433 235 10
549 189 1059 234 meoxussnlt
1109 191 1408 246 ‘rAcrrt

343 289 597 337 natorum
622 274 1060 352 deprecantibus,
1088 276 1266 337 omifit
1293 275 1499 339 Priscus
1518 298 1539 337 ε

342 363 537 435 variis,
576 378 638 421 ut
681 361 806 423 sunt
841 364 1129 424 hominum
1158 365 1405 441 ingenia,
1434 363 1546 424 ser·

345 451 630 522 monibus,
688 449 1117 511 moderationem
1177 450 1548 527 laudantium,

343 551 441 605 aut
462 536 820 598 constantiam
848 538 1262 617 requirentium.
1302 552 1546 599 ceterum

347 643 418 682 eo
442 621 658 683 senatus
682 623 790 695 die,
816 644 930 704 quo
958 624 978 657 ‘
997 623 1067 684 de
1090 625 1322 705 imperio
1336 621 1544 703 Vespa·

348 710 370 743 ⁸
402 709 567 770 fiani’
597 709 915 785 censebant,
950 713 1221 790 placuerat
1262 710 1443 771 ‘mitti
1475 708 1547 769 ad

350 797 372 829 ‘
404 799 706 878 principem
727 799 987 876 legatos!
1033 801 1162 858 hinc
1188 801 1334 857 inter
1351 796 1547 857 Helvi·

346 883 526 961 glium,
546 900 600 943 et
617 888 867 963 Eprium,
891 905 1012 947 acre
1029 885 1294 962 jurgium.
1337 882 1549 945 Priscus

353 972 374 1005 ‘
404 971 533 1049 eligi
564 975 893 1032 nominatim
917 993 947 1030 a
969 972 1364 1049 magistratibus
1395 974 1551 1047 jura-

353 1057 378 1119 ‘.
406 1061 478 1118 tis
506 1082 526 1132 3
549 1062 564 1087 '
631 1059 925 1121 Marcellus
977 1080 1170 1117 urnam
1219 1058 1548 1138 postulabat,

354 1164 497 1226 quae
519 1145 757 1206 consulis
780 1144 1040 1222 designati
1063 1143 1332 1204 sententia
1349 1143 1545 1205 fuerat.

354 1231 455 1291 Sed
472 1232 721 1291 Marcelli
742 1230 970 1291 studium
991 1235 1245 1312 proprius
1272 1234 1437 1291 rubor
1451 1251 1548 1291 ex-
1578 1249 1614 1308 7

354 1319 582 1390 citabat,
625 1339 696 1377 ne
722 1319 839 1377 aliis
863 1318 1043 1378 electis
1070 1318 1406 1401 posthabitus
1433 1338 1547 1377 cre-

357 1402 595 1465 deretur.
655 1406 1055 1483 paulatimque,
1102 1426 1197 1483 per
1234 1405 1546 1465 altercatio-

357 1511 506 1565 nem,
535 1491 602 1549 ad
629 1494 926 1551 continuas
947 1508 1007 1550 et
1035 1491 1250 1551 infestas
1268 1493 1549 1552 orationes

357 1581 601 1664 provecti
616 1578 762 1651 sunt,
778 1594 1072 1658 quaerente
1082 1579 1368 1652 Helvidio,
1384 1579 1403 1610 ⁴
1416 1577 1552 1657 quid

359 1666 381 1698 ⁴
411 1669 488 1724 ita
520 1666 813 1725 Marcellus
841 1664 1110 1743 judicium
1147 1664 1553 1742 magistratuum

356 1751 379 1785 ‘
409 1749 761 1832 pavesceret?
804 1751 906 1810 effe
929 1751 1004 1810 illi
1032 1753 1341 1830 pecuniam,
1357 1767 1414 1810 et
1433 1750 1552 1812 elo-

357 1838 378 1872 ‘
409 1840 716 1918 quendam,
763 1841 889 1917 quis
930 1839 1133 1897 multos
1180 1843 1437 1912 anteiret,
1490 1839 1553 1898 ni

361 1924 382 1958 ‘
411 1928 672 1985 memoria
698 1927 1029 2001 flagitiorum
1056 1941 1356 2001 urgeretur.
1407 1924 1555 1984 sorte

305 2070 309 2075 .
357 2011 382 2047 ‘
408 2027 464 2073 et
483 2032 623 2071 urna
649 2033 828 2072 mores
854 2006 970 2071 ncin
996 2010 1257 2073 discernit
1302 2010 1555 2089 suffragia

358 2099 381 2167 .‘
411 2115 467 2159 et
495 2097 948 2158 existimationem
975 2097 1189 2158 (enatus
1212 2115 1453 2178 reperta3
1491 2113 1556 2158 ut

357 2187 378 2220 ‘
399 2190 467 2260 ,in
495 2185 755 2265 cujusque
778 2188 949 2246 vitam
967 2185 1277 2266 famamque
1298 2201 1553 2264 penetra·

361 2273 380 2307 ‘
414 2290 573 2346 rent;
628 2277 902 2355 pertinere
929 2273 993 2331 ad
1020 2273 1307 2332 utilitatem
1335 2274 1553 2352 reipub-

369 2362 387 2391 ‘
413 2364 570 2434 licae,
614 2364 889 2440 pertinere
927 2360 995 2420 ad
1024 2357 1337 2440 Vespasiani
1361 2363 1555 2429 „hono-

361 2446 383 2479 ‘
412 2468 548 2518 rem,
586 2468 871 2508 occurrere
895 2448 972 2506 illi
1006 2467 1149 2526 quos
1181 2447 1562 2519 innocentissi-

363 2534 382 2565 ‘
411 2554 537 2595 mos
564 2532 781 2594 senatus
805 2535 1019 2613 habeat,
1057 2536 1155 2614 qui
1181 2533 1422 2596 honestis
1451 2530 1576 2591 ser-e
