1759 2992
54 2896 139 2903 j
53 2669 109 2841 ..ν-Γ

400 74 520 129 170
607 72 666 113 c.
702 70 1085 114 comeatu
1121 72 1406 115 τΑειτι

374 157 603 235 poribus
626 154 831 231 optime
851 152 1200 212 aestimantur
1215 197 1234 224 ,
1263 157 1455 235 quibus
1476 154 1556 218 fa·

373 241 572 300 cillime
593 240 921 315 gignuntur.
967 254 1024 298 at
1045 240 1179 299 mihi
1203 259 1354 302 nunc
1374 245 1573 300 narra?

375 343 505 385 turo
521 327 691 385 vitam
703 322 945 383 defuncti
961 326 1227 400 hominiS,
1241 328 1555 406 venia‘opns

374 413 514 482 fuit;
540 429 705 489 quam
730 428 845 466 non
871 407 1132 486 petissem,
1159 412 1218 468 ni
1249 411 1557 471 cursaturus

375 514 486 556 tam
504 494 660 554 saeva
680 508 735 551 et
756 492 948 551 infesta
970 496 1266 554 virtutibus
1290 511 1558 576 tempora.

373 663 656 740 Thrasea,
700 664 987 722 Herennio
1017 664 1306 723 Senecioni
1345 666 1566 728 Priscus

376 750 671 817 Helvidius
684 748 893 809 laudati
914 746 1099 818 effent,
1124 748 1353 828 capitale
1368 749 1525 809 fuiffe
1541 775 1562 812 ι

379 857 561 918 neque
589 839 650 898 in
674 834 819 917 ipsos
846 834 1015 895 modo
1053 839 1295 893 austeres
1314 878 1334 910 ,
1379 833 1468 895 sed
1498 840 1566 897 in

376 923 551 986 libros
573 941 799 1004 quoque
821 941 1012 981 eorum
1038 918 1323 991 saevitum,
1351 920 1566 999 delega-

370 1025 441 1070 to
465 1010 769 1069 triumviris
784 1006 1104 1082 ministerio,
1127 1022 1189 1065 ut
1205 1024 1569 1070 monumenta

372 1095 778 1156 clariffimorum
797 1094 1142 1167 ingeniorum
1166 1094 1227 1151 in
1252 1097 1483 1152 comitio
1499 1115 1569 1154 ac

366 1179 495 1240 foro
519 1192 826 1237 urerentur.
878 1175 1075 1235 scilicet
1097 1176 1195 1235 illo
1213 1178 1342 1252 igne
1363 1199 1566 1240 vocem

369 1283 505 1345 pop.
550 1268 714 1322 Rom.
757 1275 814 1320 et
859 1259 1163 1320 libertatem
1202 1259 1419 1324 senatus
1442 1306 1462 1338 ,
1508 1280 1568 1325 et

370 1346 756 1411 conscientiam
803 1347 1017 1423 generis
1071 1349 1302 1407 humani
1358 1351 1566 1410 aboleri

371 1436 804 1505 arbitrabantur,
830 1429 1067 1512 expulsis
1104 1435 1329 1513 insuper
1353 1434 1568 1515 sapien·

376 1524 485 1584 tiae
532 1516 911 1600 profefforibus
927 1560 947 1590 ‚
998 1533 1164 1598 atque
1211 1523 1380 1579 omni·
1417 1524 1566 1581 bona

373 1623 494 1667 arte
516 1609 573 1666 in
597 1603 843 1665 exfilium
879 1608 1031 1672 aaa,
1071 1626 1144 1665 ne
1177 1604 1309 1683 quid
1333 1603 1562 1683 usquam

373 1691 663 1752 honestum
686 1704 1018 1752 occurreret.
1065 1688 1310 1748 dedimus
1340 1688 1558 1767 profec-

371 1793 436 1836 to
464 1776 673 1854 grande
710 1777 1005 1855 patientiae
1034 1772 1417 1833 documentum
1436 1816 1458 1848 ,
1491 1788 1555 1833 et

367 1860 507 1923 ficut
533 1877 693 1921 vetus
728 1876 878 1919 aetat
911 1860 1084 1931 vidit3
1124 1857 1259 1937 quid
1296 1858 1554 1917 ultimum

368 1951 432 2009 in
453 1946 700 2006 libertate
722 1945 869 2019 effet,
906 1947 984 2003 ita
1014 1963 1118 2002 nos
1144 1944 1275 2021 quid
1301 1944 1360 2004 in
1385 1940 1558 2003 servi·

367 2048 520 2106 tute,
555 2031 812 2108 adempto
853 2048 948 2107 per
983 2027 1360 2108 inquifitiones
1385 2044 1445 2087 et
1465 2028 1560 2089 lo·

367 2116 572 2200 quendi
611 2115 979 2192 audiendique
1022 2117 1380 2176 commercio.
1440 2135 1560 2175 me·-

366 2206 596 2265 moriam
622 2209 845 2281 quoque
869 2197 1034 2278 ipsam
1066 2221 1191 2259 cum
1214 2220 1353 2260 voce
1380 2201 1562 2279 perdi-

364 2289 641 2360 distemus,
665 2285 704 2346 fi
729 2302 837 2345 tam
854 2288 915 2344 in
937 2281 1121 2346 nostra
1139 2285 1401 2364 potestate
1426 2284 1563 2345 effet
1627 2289 1634 2292 “

360 2370 602 2432 obhvisci
625 2392 791 2452 quam
816 2386 1015 2434 tacere.
1131 2378 1300 2434 Nunc
1320 2369 1549 2432 demum
1566 2388 1610 2448 3

1577 0 1582 3 ’
1653 0 1711 264 Ἰ

370 583 630 658 Legimus
653 597 782 639 cum
820 577 1064 637 Aruleno
1093 577 1313 639 Rustico
1351 589 1550 642 Paetus
1568 598 1602 642 2
