1759 2992
403 194 524 249 174
607 190 1409 236 e.coxn1-:r.tr*rac1·rt

391 278 666 357 travitque
686 278 931 338 animum
959 276 1211 338 militaris
1236 278 1439 355 gloriae
1471 295 1570 337 eu·

390 362 549 445 pido,
559 364 772 441 ingrata
788 364 1147 443 temporibus,
1159 366 1359 444 quibua
1372 361 1578 423 finistra

388 469 520 527 erga
533 450 835 509 eminentes
851 451 1255 528 interpretatio,
1265 470 1369 510 nee
1383 452 1574 509 minus

389 534 683 615 periculum
701 554 772 594 ex
787 554 983 611 magna
1000 533 1165 609 fama,
1184 556 1346 613 quam
1367 555 1439 593 ex
1454 556 1576 596 ma·

384 620 458 682 la.
538 621 691 680 Hinc
705 619 772 679 ad
789 618 1132 700 capessendos
1148 620 1485 697 magistratus
1503 623 1564 680 in
1579 617 1618 678 6

384 707 572 766 urbem
589 704 866 782 digressus,
889 706 1189 766 Domitiam
1208 706 1574 768 Decidianam

383 790 678 872 splendidis
704 791 974 869 natalibus
1003 806 1179 852 ortam
1217 790 1310 851 fibi
1325 792 1565 869 junxit3

384 878 554 957 idque
575 878 981 939 matrimonium
1013 877 1082 937 ad
1104 878 1311 957 majora
1329 877 1558 948 nitenti,

385 963 558 1025 decus
577 986 643 1024 ac
663 966 831 1026 robur
860 964 967 1025 fuit
976 988 995 1038 3
1036 966 1402 1045 vixeruntque
1426 964 1570 1025 mira

385 1052 704 1127 eoncordia,
727 1071 824 1131 per
838 1065 1077 1111 mutuam
1093 1053 1390 1124 caritatem,
1408 1066 1462 1109 et
1477 1052 1570 1109 in-

384 1137 558 1195 vicem
574 1136 627 1195 se
639 1136 1052 1216 anteponendo,
1063 1134 1160 1195 nifi
1177 1136 1325 1216 quod
1338 1138 1396 1194 in
1416 1139 1570 1195 bona

383 1240 558 1279 uxore
577 1235 737 1279 tanto
746 1219 930 1297 niajor
945 1220 1087 1293 lanz,
1109 1236 1320 1300 quanto
1339 1223 1397 1279 in
1421 1221 1572 1281 mala

379 1307 500 1385 plus
516 1304 701 1384 culpae
722 1303 816 1364 est.
862 1302 981 1363 lbra
1002 1305 1314 1383 quaesturae
1329 1309 1571 1384 provin-

379 1393 518 1451 ciam
534 1390 736 1465 Afiam,
761 1388 1139 1471 proconsulem
1154 1390 1395 1451 Salvium
1410 1394 1569 1451 Titi·

379 1497 550 1540 anum
571 1477 722 1538 dedit
735 1519 755 1552 ‚
788 1496 1025 1559 quorum
1046 1491 1247 1536 neutro
1269 1496 1565 1558 corruptus

379 1562 455 1625 est
473 1587 490 1622 =
505 1583 835 1643 quamquam
850 1578 907 1623 et
918 1564 1203 1644 provincia
1218 1561 1373 1624 dives
1388 1585 1449 1624 ac
1463 1585 1564 1645 pa-

378 1665 499 1710 rata
520 1650 870 1729 peccantibus
888 1691 928 1725 ,.
948 1665 1007 1708 et
1036 1647 1329 1726 proconsul
1358 1653 1414 1708 in
1438 1670 1563 1708 om-

376 1756 502 1795 nem
525 1736 839 1796 aviditatem
863 1755 1097 1815 pronus,
1118 1734 1448 1814 quantalibet
1470 1734 1555 1791 fa-

375 1820 578 1879 cilitate
601 1820 980 1898 redempturus
1002 1818 1130 1879 effet
1150 1838 1388 1880 mutuam
1415 1819 1557 1878 diffi-

373 1904 727 1964 mulationem
746 1906 895 1966 mali.
941 1910 1126 1964 anetus
1150 1906 1222 1966 est
1244 1909 1318 1965 ibi
1341 1905 1468 1978 filia,
1492 1907 1574 1966 in·

374 1988 660 2052 subfidium
677 2008 734 2048 et
747 1991 995 2050 solatium
1019 1991 1203 2063 fimul3
1235 2012 1360 2049 nam
1384 1990 1557 2051 filium

374 2092 501 2136 ante
522 2075 808 2152 sublatum,
837 2078 988 2135 brevi
1019 2077 1209 2137 amifit.
1252 2097 1391 2137 mox
1413 2078 1559 2136 inter

374 2161 729 2244 quaesturam,
745 2184 808 2222 ac
825 2165 1159 2222 tribunatum
1177 2163 1373 2242 plebis,
1393 2178 1558 2242 atque

369 2252 532 2307 etiam
572 2245 741 2328 ipsum
780 2249 1083 2314 tribunatus
1118 2269 1326 2306 annum
1365 2251 1556 2329 quiete

366 2347 424 2388 et
446 2336 568 2392 otio
592 2331 796 2406 transit,
822 2352 1026 2410 gnarus
1054 2331 1149 2392 sub
1172 2340 1396 2393 Nerone
1412 2347 1557 2391 tem-

365 2433 586 2488 porum,
605 2418 1007 2495 quibusinertia
1021 2439 1123 2498 pro
1143 2417 1398 2497 sapientia
1413 2416 1546 2480 fuit.

361 2494 506 2557 idem
520 2516 805 2579 praeturae
828 2518 1011 2583 tenor,
1034 2521 1089 2566 et
1110 2503 1407 2578 filentium3
1441 2523 1553 2569 nec
