1759 2992
324 149 444 206 204
521 146 582 189 c.
613 146 1000 190 conuenit
1039 146 1323 190 τΑοιτι

318 228 340 261 ‘
364 226 643 305 pulchram
656 245 713 288 et
728 227 1063 308 spectabilem
1078 229 1356 288 victoriam
1372 224 1505 287 ede·

323 316 342 344 ‘
365 313 517 378 retis.
579 312 851 391 tranfigite
881 332 1006 376 cum
1036 313 1503 393 expeditionibu25

320 397 342 428 ‘
366 398 638 475 imponite
649 400 1050 478 quinquaginta
1064 400 1225 458 annis
1241 416 1505 473 magnum
1541 444 1551 451 .

320 481 342 514 ‘
366 481 528 549 diem,
551 486 845 561 approbate
863 484 1187 561 reipublicae
1216 502 1506 559 nunquam

324 564 345 622 ἕ
370 570 632 626 exercitui
666 570 920 646 imputari
941 566 1187 646 potuisse,
1211 582 1303 626 aut
1319 586 1505 625 moras

325 650 345 681 ‘
370 649 492 709 belli
516 667 608 710 aut
637 653 820 711 causas
839 652 1174 711 rebellandi.'
1264 656 1337 709 Et
1360 651 1541 728 allo-3
1558 669 1591 726 ς

322 750 527 811 quente
543 737 719 795 adhuc
739 738 991 813 Agricola
1012 736 1242 798 militum
1267 736 1429 794 ardor
1446 756 1506 792 e·-

323 822 591 895 xninebat,
609 837 665 880 et
692 821 850 881 fidem
874 824 1144 881 orationis
1175 824 1369 897 ingens
1390 820 1507 878 ala-

323 906 491 977 critas
519 906 807 967 consecuta
834 906 933 981 est,
953 905 1235 984 statimque
1262 906 1327 965 ad
1355 926 1505 964 arma

323 989 618 1052 discursum
635 1016 653 1065 3
683 993 962 1053 instinctos
978 991 1297 1070 ruentesque
1309 994 1387 1050 ita
1401 988 1506 1048 dis-

323 1075 542 1149 posuit,
587 1094 647 1135 ut
683 1078 926 1155 peditum
965 1078 1162 1140 auxilia
1196 1096 1332 1152 quae
1372 1079 1504 1134 ocio

320 1160 491 1217 millia
520 1177 677 1218 erant
696 1201 714 1231 ‚
734 1161 967 1220 mediam
989 1162 1153 1218 aciem
1176 1158 1458 1217 firmarent
1478 1182 1497 1218 ε

319 1244 562 1319 equitum
605 1246 709 1301 tria
743 1244 913 1303 millia
948 1245 1216 1305 cornibus
1248 1238 1501 1300 affunde·

318 1342 538 1395 rentur;
581 1328 822 1404 legiones
848 1348 953 1408 pro
991 1328 1137 1388 vallo
1168 1325 1373 1400 stetere,
1411 1329 1503 1386 in·

319 1430 452 1487 gens
469 1413 723 1472 victoriae
737 1413 902 1473 decus
914 1416 1368 1478 citraRomanum
1385 1410 1500 1471 san·

319 1498 540 1573 guinem
560 1498 802 1571 bellanti,
835 1514 894 1558 et
907 1500 1166 1560 auxilium
1186 1495 1224 1555 fi
1242 1497 1502 1577 pelleren-

320 1597 432 1646 tur.
492 1586 878 1644 Britannorum
903 1586 1045 1643 acies
1076 1587 1132 1643 in
1175 1582 1398 1661 speciem
1436 1581 1501 1641 fi-

320 1668 436 1729 mnl
457 1687 520 1727 ac
557 1683 818 1742 terrorem
857 1669 1178 1729 editioribus
1202 1668 1339 1727 locis
1370 1688 1501 1727 con·

320 1749 592 1812 stiterant=
628 1755 703 1811 ita
736 1767 796 1821 ut
818 1755 1053 1831 primum
1089 1772 1278 1828 agmen
1300 1773 1499 1831 aeque,

319 1837 482 1893 ceteri
511 1856 608 1912 per
639 1836 843 1894 acclive
875 1836 1069 1911 jugum
1087 1838 1324 1894 connexi
1351 1837 1500 1895 velut

316 1917 648 1995 insurgerent
663 1942 682 1991 ς
729 1917 907 1977 media
950 1920 1129 1996 campi
1181 1920 1503 1978 covinarius·

320 2020 376 2072 et
394 2023 558 2082 eques
582 2003 799 2081 strepitu
817 2023 880 2062 ac
909 2000 1147 2062 discursu
1168 2002 1490 2080 complebat.

316 2106 437 2156 tum
451 2089 704 2167 Agricola
718 2086 1000 2167 superante
1012 2085 1241 2163 hostium
1252 2087 1499 2147 multitu-

320 2175 445 2240 dine
477 2176 679 2235 veritus
713 2194 783 2232 ne
803 2172 958 2233 simul
980 2175 1038 2232 in
1054 2171 1314 2241 frontem,
1345 2171 1505 2232 fimul·

319 2277 376 2317 et
401 2261 571 2322 latera
598 2257 815 2318 suorum
853 2273 1186 2337 pugnaretur
1206 2301 1223 2332 ,
1261 2259 1494 2318 diductis

318 2344 640 2403 ordinibus-z
672 2364 1004 2423 quamquam
1035 2346 1329 2421 porrectior
1356 2344 1494 2401 acies

316 2422 499 2502 futura
517 2443 653 2508 crat,
683 2444 739 2490 et
761 2426 1091 2493 arcessendas
1105 2429 1349 2510 plerique
1367 2428 1498 2511 ¹⁶le
