1759 2992
377 131 497 203 248
638 141 730 183 uz
767 141 1284 184 ouri-omnus

370 228 429 285 in
451 223 700 284 colonias
720 245 782 283 ac
804 223 1121 304 provincias
1147 224 1262 283 suas
1285 220 1545 298 scribunt,

366 310 478 371 five
507 313 565 368 in
597 308 704 369 suis
731 310 931 389 aliquis
963 325 1232 387 argutaaet
1257 312 1411 369 brevi
1433 308 1547 369 sen·

367 399 536 456 tentia
551 393 765 464 effulfit,
791 393 897 456 five
915 397 1073 457 locus
1089 395 1359 474 exquisito
1383 412 1439 454 et
1451 416 1548 475 po·-

364 484 515 542 ἕῑίεο
537 483 685 542 cultu
713 482 936 544 enituit.
995 484 1233 558 exigitur
1254 484 1402 540 enim
1434 483 1559 559 jam·
1609 511 1614 516 ’

364 569 443 628 ab
464 583 687 627 oratore
713 567 872 626 etiarn
914 568 1166 643 poc‘ticus
1202 566 1399 641 decor,
1436 587 1553 627 non

366 654 511 712 Attii
548 668 645 712 aut
676 654 900 712 Pacuvii
941 668 1173 711 veterno
1211 653 1555 732 inquinatus,

365 736 453 799 sed
472 758 545 797 ex
568 741 805 812 Horatii,
827 754 884 798 et
898 738 1142 816 Virgilii,
1165 754 1222 796 et
1239 739 1452 798 Lucani
1476 735 1557 796 sa·-

367 826 549 885 crario
579 824 849 903 prolatus.
908 828 1110 884 horum
1142 824 1309 900 igitur
1337 824 1557 885 auribus

368 927 425 970 et
439 910 668 988 judiciis
690 913 1076 991 obtemperans
1104 908 1412 992 nostrorum
1434 928 1560 969 ora·

291 1005 295 1009 ’
370 1012 553 1056 torum
570 1011 744 1071 aetas,
767 997 1051 1077 pulchrior
1062 1012 1117 1055 et
1133 998 1382 1056 ornatior
1396 993 1561 1055 exsti-.-

370 1082 458 1140 tit.
507 1102 688 1161 neque
710 1082 837 1140 ideo
868 1085 1053 1140 minus
1075 1079 1314 1141 efficaces
1344 1079 1471 1140 sunt
1492 1100 1561 1140 o-

369 1167 606 1225 rationes
629 1164 866 1239 nostrae,
890 1169 1018 1243 quia
1038 1164 1102 1223 ad
1128 1184 1283 1222 aures
1301 1164 1566 1243 judicari·-

368 1254 505 1309 tium
541 1270 666 1324 cum
699 1249 981 1328 voluptate
1014 1250 1356 1327 perveniunt.
1414 1250 1566 1327 quid

366 1337 516 1393 enim
562 1333 625 1393 fi
646 1332 948 1410 infirmiora
998 1338 1196 1394 horum
1241 1350 1565 1412 temporum

370 1422 574 1501 templa
589 1420 802 1495 eredas,
818 1421 948 1500 quia
962 1440 1080 1480 non
1103 1419 1226 1480 rudi
1244 1435 1561 1494 caemento,

371 1523 431 1568 et
467 1505 787 1568 informibus
828 1507 1025 1585 tegulis
1061 1506 1431 1581 exstruuntur,
1468 1503 1558 1565 sed

372 1614 646 1654 marmore
662 1594 845 1653 nitent
862 1610 918 1653 et
933 1613 1068 1652 auro
1085 1593 1393 1653 radiantur?
1473 1597 1549 1649 E·
1565 1604 1600 1645 2
1620 1603 1645 1646 1

375 1680 596 1760 quidem
617 1677 828 1738 fatebor
857 1681 1015 1738 vobis
1037 1676 1369 1756 (impliciter,
1399 1679 1560 1735 mein
1591 1694 1608 1707 ·

375 1767 575 1843 quibus
607 1765 961 1841 antiquorum
994 1766 1090 1821 vix
1119 1761 1307 1835 risum,
1346 1766 1402 1820 in
1436 1764 1561 1840 qui·

332 1880 337 1888 ·
373 1846 594 1908 busdam
623 1862 802 1905 autem
825 1849 926 1906 vix
949 1844 1198 1920 somnum
1223 1864 1427 1918 tenere,
1456 1868 1564 1906 nec

375 1953 543 1992 unum
558 1932 624 1989 de
640 1931 866 2009 populo.
879 1932 915 1969 '¹¹‘
929 1932 1123 1989 Canuti
1139 1945 1232 1988 aut
1245 1932 1568 1991 ArideFur·

376 2020 481 2079 nio
498 2032 553 2077 et
581 2018 861 2091 Torani0,
892 2017 1095 2095 quique
1116 2016 1251 2073 alios
1274 2017 1332 2073 in
1364 2015 1567 2077 eodem

374 2102 775 2166 valetudinario
797 2107 931 2162 haec
953 2099 1065 2159 oss'a
1093 2118 1147 2159 et
1168 2104 1309 2159 hanc
1333 2104 1566 2163 maciem

377 2191 631 2270 probant.
679 2186 789 2267 ipse
806 2189 936 2246 mihi
952 2186 1155 2246 Calvus
1173 2207 1298 2246 curn
1318 2208 1489 2245 unum
1509 2203 1570 2264 ct

377 2277 598 2352 viginti,
639 2288 698 2332 ut
726 2290 901 2353 puto,
939 2274 1111 2332 libros
1134 2273 1429 2352 reliquerit,
1461 2276 1569 2333 vix

378 2362 438 2417 in
458 2381 567 2436 una
598 2375 691 2417 aut
720 2360 881 2418 altera
905 2359 1245 2420 oratiuncula
1267 2357 1564 2429 satisfecit;

376 2443 768 2512 uec—diffientire,
781 2460 998 2512 ceteros,
1009 2445 1200 2512 abhoc
1214 2442 1370 2522 meoj
1380 2443 1568 2512 udicio
