1759 2992
361 157 431 180 “·
514 170 960 216 »innocus-
1225 168 1344 214 221

168 270 441 318 venerunt
462 256 527 314 ad
553 275 674 314 eum
695 261 780 314 M.
803 262 953 335 Aper
979 267 1036 310 et
1063 251 1240 329 Julius
1262 258 1352 311 Se-

168 342 383 403 cundus
402 385 420 414 ,
458 339 799 401 celeberrima
838 357 954 399 turn
992 341 1214 416 ingenia
1240 338 1353 398 fori

168 427 343 489 nostri
359 449 388 496 z,
415 447 553 505 quos
581 446 685 504 ego
706 429 766 485 in
783 427 1008 503 judiciis
1030 445 1144 484 non
1171 421 1352 484 utros-

170 534 280 593 que
305 513 473 573 modo
495 511 727 571 studiose
756 513 1058 585 audiebam,
1079 510 1169 571 sed
1195 510 1352 571 domi

169 618 395 679 quoque
423 613 481 657 et
509 600 569 657 in
602 599 822 678 publico
856 596 1173 672 assediabar,
1210 599 1352 656 mira

168 684 466 746 studiorum
483 684 799 764 cupiditate,
826 683 1141 764 et'quodarn
1157 683 1353 743 ardore

159 771 420 847 juvenili,
431 787 491 829 ut
505 770 717 830 fabulas
729 789 953 848 quoque
968 790 1155 828 eorum
1171 774 1228 827 'et
1243 766 1351 827 dif-

164 860 479 936 putationes
497 898 516 930 ,
539 871 596 913 et
616 875 811 915 areana
835 853 1068 914 semotae
1097 853 1352 913 diffitionis

165 942 390 1021 penitus
427 942 734 1017 exciperem
755 960 773 1010 3
820 941 1072 1018 quamvis
1113 938 1353 1017 maligne
1423 935 1426 938 ’

166 1025 414 1107 plerique
454 1026 811 1104 opinarentur
825 1065 846 1098 ,
898 1024 917 1056 ‘
935 1031 1057 1084 'nec
1095 1023 1352 1085 Secundo

165 1117 191 1145 ⁸
211 1126 526 1190 promptum
548 1109 652 1169 effe
673 1108 977 1171 sermonem
998 1154 1016 1184 ,
1054 1126 1110 1170 et
1131 1118 1352 1190 Aprum

161 1196 188 1230 ‘
212 1199 443 1275 ingenio
455 1197 639 1277 potius
655 1212 708 1255 et
730 1198 786 1258 vi
803 1213 1049 1271 naturae,
1077 1217 1243 1277 quam
1262 1199 1353 1256 in-

163 1289 183 1319 ‘
205 1282 485 1346 stitutione
499 1297 556 1342 et
573 1283 770 1344 litteris
786 1282 981 1345 famam
1000 1283 1351 1364 eloquentiae

157 1368 183 1402 ⁴
207 1368 606 1429 consecutum?
665 1390 795 1429 nam
816 1386 872 1430 et
890 1370 1142 1432 Secundo
1158 1390 1350 1450 purus,

159 1469 219 1512 et
235 1452 456 1531 prestus,
469 1470 545 1529 et,
561 1455 621 1512 in
637 1470 906 1533 quantum
922 1453 1052 1514 satis
1067 1465 1205 1528 erat,
1219 1475 1350 1534 pro-

159 1540 338 1599 fluens
368 1535 545 1598 sermo
569 1549 691 1597 non‘
721 1539 924 1599 defuitt
956 1553 1013 1598 et
1031 1549 1177 1621 Aper
1196 1560 1350 1601 com·

158 1626 317 1686 muni
338 1624 648 1684 eruditione
671 1627 935 1699 imbutus,
962 1627 1351 1687 contemnebat

159 1712 351 1791 potius
388 1710 601 1771 litteras
642 1731 804 1791 quam
845 1711 1118 1773 nesciebat
1138 1733 1157 1785 ;
1193 1728 1349 1773 tam·

157 1817 326 1875 quam
343 1798 606 1875 majorem
621 1796 913 1858 industriae
931 1814 987 1857 et
1001 1798 1210 1861 laboris
1223 1798 1346 1878 glo·

159 1885 298 1944 riam
325 1886 630 1956 habitui-us,
661 1883 699 1945 fi
722 1886 1003 1964 ingenium
1024 1885 1146 1965 ejus
1176 1886 1347 1948 nullis

159 1968 455 2030 alienarum
476 1973 676 2031 artium
699 1970 1043 2032 adminiculis
1066 1974 1236 2034 inuiti
1257 1972 1368 2032 vi-

159 2054 396 2114 deretur,
442 2057 609 2132 igitur
619 2072 684 2114 ut
695 2057 1021 2117 intravimus
1033 2058 1346 2118 cubiculum

160 2141 425 2208 Materni,
452 2140 724 2200 sedentem
739 2140 936 2217 ipfiim,
969 2157 1025 2201 et
1046 2161 1212 2220 quem
1231 2143 1345 2221 pri-

156 2223 252 2283 die
273 2224 610 2292 recitaverat,
639 2225 833 2285 librum
859 2228 1008 2285 intra
1031 2239 1224 2285 m'anus
1248 2230 1345 2287 ha·

122 2331 158 2394 3
172 2313 416 2385 bentem,
430 2308 904 2389 deprehendimus.
977 2316 1131 2369 Tum
1143 2319 1345 2372 Secun-

160 2395 299 2457 aasz
347 2414 553 2456 mnne
582 2414 698 2471 τε,
735 2397 941 2476 inquit,
964 2402 1236 2475 Materne,
1261 2397 1341 2460 fa·

162 2481 323 2549 balae
343 2481 706 2562 malignorum
727 2493 972 2564 terrent,
1009 2501 1131 2568 quo.
1156 2487 1342 2548 minut
