1759 2992
394 136 509 199 190
578 137 638 180 c.
675 136 1059 179 coaxant
1097 137 1377 180 racia-1

376 219 590 282 incuria
612 217 699 275 vel
715 216 996 275 tolerantia
1011 217 1278 294 priorum,
1301 215 1441 277 hau'd
1460 215 1563 275 mi·
1623 276 1625 278 ,

376 325 485 363 nus
506 323 670 381 quam
686 300 884 361 bellum
903 303 1211 361 timebatur.
1244 300 1330 361 sed
1350 304 1436 365 ubi
1454 300 1565 376 aes-

378 403 462 448 tas
480 388 701 449 advenit
718 392 997 447 contracto
1011 390 1277 462 exercitu,
1301 387 1323 421 ‘
1335 389 1563 448 militum

378 476 401 509 ‘
413 478 471 535 in
486 476 704 552 agmine
717 472 935 532 laudare
947 472 1564 552 modestiam,'disjeclos

375 563 660 622 coercere:
691 558 811 618 loca
831 557 1012 618 eastris
1031 558 1141 637 ipse
1156 578 1368 637 capere,
1397 560 1565 620 aestu·

375 650 490 713 aria
517 666 580 706 ac
603 642 760 705 silvas
791 642 903 723 ipse
931 659 1305 724 praetentare:
1333 661 1392 704 et
1424 647 1568 706 nihil

374 731 599 792 interim
622 730 766 816 apud
789 728 965 789 hostes
995 732 1237 808 quietum
1263 731 1403 809 pati,
1444 751 1568 810 quo

376 821 565 881 minus
598 814 787 877 subitis
822 815 1128 877 excurfibus
1165 813 1563 895 popularetur3

377 920 545 984 atque
566 905 661 964 ubi
690 896 814 962 satis
835 916 1118 973 terruerat,
1146 902 1418 983 parcendo
1439 898 1565 962 'rur—

379 989 468 1052 sus
490 992 827 1050 irritamenta
858 990 1009 1068 pacis
1039 986 1321 1047 ostentare.
1363 990 1562 1067 quibus

379 1079 544 1137 rebus
567 1076 769 1135 multae
789 1077 1042 1134 civitates
1064 1093 1203 1152 quae
1225 1076 1283 1133 in
1308 1074 1460 1133 illum
1477 1074 1561 1133 di-

294 1189 299 1192 ·
375 1181 462 1220 em
500 1180 572 1219 ex
602 1177 778 1237 aequo
814 1173 1079 1235 egerant,
1115 1157 1257 1217 datis
1287 1158 1564 1220 obfidibus

373 1249 508 1305 iram
546 1242 809 1323 posuere,
848 1260 905 1301 et
938 1241 1206 1323 praefidiis
1229 1242 1565 1323 castellisque

370 1328 756 1401 circumdatae,
787 1343 944 1388 tanta
966 1329 1181 1389 ratione
1214 1346 1470 1407 curaque,
1498 1345 1565 1389 ut

373 1417 524 1476 nulla
549 1431 676 1473 ante
701 1417 1012 1473 Britanniae
1033 1434 1180 1473 nova
1216 1436 1339 1494 pars
1358 1414 1564 1475 illaces·

373 1501 470 1562 lita
492 1499 781 1561 transierit.
866 1507 1107 1580 Sequens
1131 1503 1303 1561 hiems
1321 1498 1553 1561 saluber·
1570 1523 1602 1564 2
1616 1525 1641 1567 1

377 1591 530 1648 rimis
569 1584 806 1647 confiliis
850 1586 1167 1665 absumpta}
1215 1606 1453 1666 namque
1496 1604 1562 1647 ut

353 1675 625 1734 -homines
646 1671 860 1751 disperfi
885 1695 948 1733 ac
978 1673 1139 1732 rudes
1157 1716 1176 1747 ,
1210 1693 1386 1752 eoque
1416 1672 1559 1731 bello

373 1759 574 1832 faciles,
602 1759 772 1835 quieti
795 1774 850 1816 et
871 1758 990 1816 otio
1027 1778 1122 1836 per
1143 1758 1453 1835 voluptates
1478 1757 1561 1817 as·

370 1844 703 1904 suescerent=
743 1842 952 1900 hortari
984 1845 1273 1919 privatim,
1296 1844 1561 1920 adjuvare

371 1929 604 2009 publice,
629 1941 690 1984 ut
713 1926 935 2006 templa,
960 1925 1104 1999 fora,
1128 1926 1324 1986 domus
1345 1927 1559 1988 exstru-

369 2030 544 2082 erent,
578 2011 847 2072 laudando
871 2025 1183 2092 promptos„
1212 2026 1266 2072 et
1288 2011 1558 2091 castigan-

370 2102 444 2161 do
477 2099 700 2176 segnes;
731 2100 807 2157 ita
830 2099 1061 2158 honoris
1094 2098 1377 2158 aemulatio
1397 2141 1414 2173 ,
1446 2122 1556 2178 pro

370 2187 671 2247 necestitate
693 2200 829 2244 erat.
867 2185 984 2262 jam
1006 2204 1140 2244 vero
1157 2187 1465 2265 principum
1485 2186 1554 2245 fi-

370 2274 474 2331 lios
502 2272 810 2330 liberalibus
832 2272 1037 2329 artibus
1059 2272 1293 2346 erudire,
1316 2288 1371 2330 et
1395 2273 1552 2348 inge-

365 2358 455 2412 nia
474 2361 860 2417 Britannorum
877 2355 1064 2415 studiis
1087 2357 1364 2419 Gallorum
1388 2373 1550 2414 ante·

362 2437 525 2517 ferre,
568 2457 629 2502 ut
653 2445 749 2525 qui
782 2442 953 2505 modo
974 2442 1221 2524 linguam
1244 2452 1550 2508 Romanam
