1759 2992
395 130 517 194 260
643 144 740 186 DE
776 142 1298 186 onaroainus

385 226 619 303 primum
654 221 781 283 suus
816 224 1015 300 cuique
1040 221 1278 281 filiusex
1299 218 1448 280 casta
1471 243 1582 302 pa·

383 324 538 368 rente
560 324 749 381 natus,
770 327 888 369 non
919 310 982 366 in
998 307 1134 366 cella
1154 324 1368 385 emptae
1390 310 1580 368 nutri-

384 397 490 468 cis,
517 393 605 453 sed
628 396 839 472 gremio
865 416 930 454 ac
958 392 1076 451 sinu
1100 396 1286 452 matris
1307 394 1579 453 educaba-

386 495 499 554 tut,
519 481 677 558 cujus
697 481 990 559 praecipua
1011 480 1128 537 laus
1150 494 1287 552 erat,
1314 482 1455 537 tueri
1473 478 1579 560 do·

387 586 539 626 mum
556 608 575 639 ‚
617 581 673 623 et
708 563 969 624 instrvire
1008 565 1209 624 liberis,
1271 565 1582 641 eligebatur

387 668 569 711 autem
584 653 763 729 aliqua
776 652 957 727 major
974 664 1107 709 natu
1126 652 1461 729 propinqua,
1483 672 1581 709 cu·

383 737 481 815 jus
513 739 754 818 probatis
776 734 1122 817 spectatisque
1146 737 1427 808 moribu8‚·
1453 757 1584 798 om-

392 826 485 884 nis
509 822 803 905 cujuspiam
822 822 1061 883 familiae
1091 821 1300 881 suboles
1322 826 1589 882 commit·
1632 870 1642 881 .

392 923 622 986 teretur,
651 930 834 970 coram
855 930 966 988 qua
984 928 1161 987 neque
1173 907 1348 968 dicere
1362 907 1449 967 fas
1466 923 1590 967 erat

393 997 547 1075 quod
574 1011 729 1075 turpe
742 996 912 1069 dictu,
940 1015 1116 1072 neque
1131 992 1304 1054 facere
1326 992 1484 1071 quod
1495 996 1595 1053 in-

395 1080 681 1145 honestum
710 1080 851 1139 factu
884 1081 1177 1140 videretur.
1235 1098 1301 1135 ac
1331 1099 1451 1150 nou
1475 1075 1594 1139 stu·

392 1164 484 1224 dia
508 1164 678 1223 modo
694 1161 982 1243 curasque,
1004 1160 1090 1219 sed
1110 1160 1445 1222 remissiones
1479 1166 1602 1223 eti-

389 1268 480 1308 am
509 1245 756 1323 lususque
786 1264 1100 1323 puerorum,
1128 1241 1414 1304 sanititate
1434 1264 1601 1326 qua-

389 1330 515 1391 dam
529 1351 591 1390 ac
607 1328 936 1391 verecundia
947 1329 1303 1407 temperabat.
1346 1326 1422 1388 fic
1440 1336 1600 1393 Cor·-

389 1416 587 1478 neliam
606 1418 977 1486 Gracchorum
999 1458 1018 1491 ,
1044 1412 1116 1474 fic
1140 1416 1417 1478 Aureliam
1442 1422 1597 1479 Cae-

393 1501 556 1564 sarisa
591 1499 662 1562 stc
687 1503 897 1562 Attiam
925 1500 1152 1581 Augusti
1173 1517 1405 1582 matrem
1431 1523 1593 1583 prae-

394 1588 550 1649 fuisse
564 1589 1004 1663 educationibus,
1028 1610 1090 1647 ac
1108 1587 1420 1669 produxisse
1438 1592 1594 1667 prin-

401 1678 549 1755 cipes
573 1677 770 1735 liberos
787 1678 1125 1753 accepimus3
1152 1694 1291 1753 quae
1306 1673 1593 1753 disciplina

395 1783 460 1821 ac
489 1760 742 1819 severitas
766 1780 834 1822 eo
869 1763 1187 1837 pertinebat,
1218 1774 1282 1816 ut
1311 1759 1511 1818 sincera
1531 1777 1595 1819 et

397 1848 606 1921 integra
624 1861 678 1903 et
703 1844 868 1903 nullis
903 1845 1263 1921 pravitatibus
1282 1845 1502 1910 detexta
1531 1867 1613 1909 ua„

396 1926 782 2006 uiuscujusque
791 1943 1004 1995 natura,
1037 1941 1156 1986 toto
1175 1926 1597 2007 statimpectote

400 2018 655 2093 arriperet
683 2027 825 2071 artes
856 2011 1137 2073 honestasz
1173 2030 1225 2071 et
1249 2011 1355 2072 five
1380 2012 1447 2072 ad
1475 2035 1595 2079 rem

400 2103 703 2167 militarem,
723 2097 827 2158 five
843 2099 907 2157 ad
923 2100 1063 2177 juris
1079 2098 1377 2172 scientiam,
1394 2097 1503 2159 five
1520 2103 1592 2162 ad

403 2189 744 2267 eloquentiae
760 2183 991 2245 studium
1005 2183 1327 2259 inclinasset,
1343 2184 1397 2243 id
1414 2183 1591 2246 solum

402 2292 604 2351 ageret,
623 2275 677 2331 id
697 2270 1006 2331 universum
1026 2274 1283 2331 hauriret.
1345 2279 1419 2328 At
1437 2292 1583 2331 nunc
1601 2290 1668 2349 29

404 2376 568 2417 natus
594 2357 775 2417 infans
806 2357 1082 2434 delegatur
1110 2355 1408 2415 Graeculae
1430 2358 1592 2417 alicui

402 2444 667 2524 aneillae,
703 2444 793 2509 cui
816 2442 1133 2529 adjungitur
1157 2462 1297 2522 unua
1329 2441 1612 2522 aut-alter
