1759 2992
388 179 601 232 sumt
642 180 1168 225 aenimvvre..
1265 178 1384 236 175

199 265 347 324 enim
373 261 675 340 jurisdictio
710 265 1032 326 obvenerat.
1093 261 1255 323 ludos
1269 304 1288 336 ,
1325 275 1385 320 et

198 351 385 412 inania
406 350 662 423 honoris,
686 349 855 410 modo
878 349 1111 409 rationis
1134 365 1298 428 atque
1323 367 1382 405 a·

180 436 534 495 bundantiae
562 433 756 508 duxit,
785 437 867 494 uti
899 436 1065 512 longe
1086 455 1118 494 a
1144 433 1388 507 luxuria,

196 522 274 580 ita
291 518 466 580 famae
487 523 735 599 propior.
789 537 908 580 tum
936 521 1130 580 electus
1155 541 1185 579 a
1210 518 1386 584 Galba.

195 604 266 664 ad
290 606 441 665 dona
461 608 790 685 templorum
812 604 1274 683 recognoscenda,
1302 604 1392 663 di-

193 690 530 768 ligentissima
546 692 949 772 conquifitione
963 692 1109 766 fecit,
1136 712 1205 751 ne
1223 691 1382 767 cujus

193 778 418 837 alterius
435 777 767 855 sacrilegium
786 776 1081 856 respublica
1093 798 1257 855 quam
1268 781 1386 836 Ne·

157 866 355 940 yronis
379 861 630 921 senfiffet.
740 870 984 941 Sequens
1012 882 1190 921 annus
1220 860 1380 937 gravi

195 946 421 1006 vulnere
432 949 672 1004 animum
683 946 1022 1024 domumque
1033 947 1152 1020 ejus
1164 945 1393 1016 afflixit5,

196 1053 326 1091 nam
344 1030 512 1091 elassis
529 1032 847 1090 Othoniana
860 1030 1089 1091 licenter
1104 1051 1237 1106 vaga
1249 1029 1383 1091 dum

193 1119 254 1178 in
277 1116 484 1195 templo
508 1116 806 1194 (Liguriae
827 1136 952 1195 pars
975 1116 1091 1195 est)
1115 1115 1382 1176 hostiliter

192 1206 505 1283 populatur,
522 1219 747 1263 matrem
766 1202 1055 1280 Agricolae
1070 1206 1128 1263 in
1144 1201 1384 1282 praediis

189 1289 299 1349 suis
323 1288 632 1351 interfecit:
666 1291 988 1369 praediaque
1011 1288 1122 1368 ipsa
1141 1305 1197 1350 et
1225 1309 1388 1367 mag*

192 1395 321 1434 nam
354 1377 671 1450 patrimonii
705 1390 915 1451 partem
938 1374 1200 1454 diripuit,
1235 1393 1380 1454 quae

192 1457 367 1518 cauffa
387 1461 560 1518 caedis
584 1460 777 1518 fixerat.
838 1461 1006 1536 igitur
1027 1459 1094 1516 ad
1119 1458 1391 1524 solemnia„

192 1545 416 1623 pietatis
446 1542 718 1621 profectus
752 1543 1009 1619 Agricola
1028 1585 1047 1615 ,
1077 1547 1278 1604 nuntio
1302 1541 1400 1601 af·-

191 1627 372 1688 festati
403 1648 437 1687 a
473 1626 800 1707 Vespafiano
837 1630 1051 1706 imperii
1083 1627 1385 1706 deprehen·

191 1713 305 1787 sus,
329 1734 394 1774 ac
418 1711 594 1774 statim
617 1717 676 1772 in
704 1729 885 1793 partes
908 1711 1259 1791 transgress'us
1282 1711 1381 1775 est.

192 1801 355 1860 initia
377 1802 718 1880 principatus
743 1819 805 1858 ac
829 1798 1003 1859 statim
1024 1801 1171 1860 urbis
1201 1801 1383 1861 Muci·

191 1906 333 1945 auus
349 1889 589 1962 regebat,
609 1885 1124 1964 admodumjuvene
1137 1887 1401 1947 Domiti--

192 1990 327 2038 ano,
341 1985 397 2029 et
409 1991 480 2030 ex
497 1988 715 2049 paterna
730 1971 954 2032 fortuna
968 1988 1185 2032 tantum
1202 1974 1377 2033 licen-

195 2057 327 2113 tiam
358 2055 668 2135 usurpante.
726 2060 773 2115 is
799 2056 1015 2117 missum
1043 2058 1112 2116 ad
1137 2058 1394 2118 delectus.

195 2138 439 2215 agendos
457 2142 798 2216 Agricolam,
819 2145 1139 2218 integreque
1155 2162 1232 2201 ac.
1250 2141 1396 2208 stre-,-

199 2243 312 2283 nue
338 2223 606 2283 versatum
625 2267 645 2298 ‚
682 2224 961 2283 vicesimae
989 2226 1192 2301 legioni
1226 2226 1402 2291 tarde-

199 2308 268 2369 ad
288 2306 671 2368 sacramentum
688 2308 1031 2386 transgressae
1046 2309 1400 2389 praeposuit,⁴

199 2397 291 2460 ubi
313 2391 554 2454 deceffor
580 2392 823 2455 seditiose
840 2415 998 2474 agere
1018 2399 1338 2464 narrabatur
1354 2419 1397 2464 ζ

201 2483 409 2563 quippe
427 2480 623 2561 legatis
649 2499 873 2563 quoque
900 2480 1270 2551 consularibus
1293 2484 1394 2550 ni*
