1759 2992
631 156 1074 205 nxnootrs.
1251 213 1254 216 ,
1338 160 1467 224 279

279 257 338 305 et
353 247 421 303 L.
438 237 688 318 Bestiam,
710 259 765 304 et
780 251 842 305 P.
858 245 1173 319 Vatinium,
1196 243 1472 306 concursu

282 331 457 390 totius
475 329 711 388 civitatis
732 344 791 389 et
811 328 1086 390 accusatos
1110 345 1168 390 et
1191 330 1466 406 defiensos,

284 432 347 476 ut
375 414 741 493 fxigidiffimos
771 436 996 496 qnoque
1022 432 1271 478 oratores
1289 459 1308 492 ,
1351 416 1469 499 ipfit

281 503 547 565 certantis
582 503 776 584 populi
798 501 993 578 studia,
1016 504 1259 564 excitare
1289 518 1346 565 et
1377 506 1469 564 in·

280 587 511 649 tendere
535 591 839 667 potuerint.
885 591 1074 670 itaque
1098 587 1469 669 herculeejus·

281 675 432 738 modi
447 675 574 735 libri
595 674 839 750 exstant,
857 690 920 735 ut
943 674 1040 770 ipfi
1055 694 1278 756 quoque
1292 680 1390 758 qui
1410 698 1473 737 e·

280 776 505 840 gerunt,
520 783 640 823 non
653 764 771 823 aliis
788 764 962 840 magis
977 756 1323 823 orationibus
1340 782 1469 824 cen-

201 866 284 925 40
293 847 534 909 scantur
655 856 776 924 Jam
822 869 959 909 vero
1001 850 1308 911 conciones
1350 849 1468 908 assi·

285 933 539 1003 duae,.et
577 932 818 995 datum
795 956 892 1012 jus
924 954 1149 1016 quoque
1169 934 1469 1014 potentissi-

285 1039 439 1079 mum
462 1039 735 1098 quemque
752 1022 1016 1098 vexandi,
1044 1037 1210 1101 atque
1233 1018 1343 1099 ipsa
1364 1023 1469 1080 ini·

285 1105 612 1167 micitiarum
637 1105 845 1185 gloria:
892 1128 1017 1168 cnm
1051 1105 1105 1167 se
1136 1108 1354 1188 plurimi
1385 1106 1469 1166 di·

282 1190 573 1268 sertorum,
597 1213 668 1252 ne
688 1213 719 1251 a
749 1200 811 1254 P.
831 1193 1050 1275 quidem
1076 1195 1348 1275 Scipione,
1376 1208 1472 1253 aut

282 1277 450 1356 sylla,
474 1295 568 1338 aut
593 1287 702 1340 Cn.
726 1281 994 1360 Pompejo
1015 1280 1392 1356 abstinuerint,
1414 1294 1472 1339 et

283 1365 354 1423 ad
369 1364 707 1424 incessendos
726 1370 1002 1444 principes
1017 1368 1190 1435 virne,
1208 1381 1269 1425 ut
1287 1364 1362 1425 est
1375 1385 1474 1423 na-¹

288 1463 411 1507 tura
435 1448 697 1523 invidiae,
722 1451 913 1529 populi
936 1470 1161 1529 quoque
1183 1449 1471 1509 histriones

285 1535 505 1593 auribus
520 1548 819 1602 uterentur,
836 1549 1105 1615 quantum
1123 1534 1371 1594 ardorem
1388 1538 1472 1595 in·

286 1620 465 1699 geniis
486 1661 506 1694 ,
548 1639 686 1699 quas
709 1622 1021 1681 oratoribus
1049 1620 1194 1680 faces
1211 1620 1478 1681 admove-

287 1709 455 1768 bant!
487 1727 607 1766 non
627 1705 701 1766 de
718 1704 893 1767 otiosa
914 1722 970 1766 et
988 1708 1171 1789 quieta
1204 1727 1262 1766 re
1290 1706 1472 1789 loqui·

287 1814 431 1869 mur,
454 1803 515 1853 ef
536 1814 675 1873 quae
689 1797 958 1874 probitate
977 1810 1035 1855 et
1056 1792 1315 1855 modestia
1341 1815 1476 1872 gau-

287 1880 440 1941 deat:
471 1880 557 1941 sed
573 1880 648 1941 est
669 1903 866 1961 magna
882 1881 977 1943 ista
998 1896 1055 1942 et
1076 1883 1333 1941 notabilis
1358 1883 1474 1941 elo·

286 1969 529 2048 quentin,
541 1968 760 2028 alumna
774 1971 1049 2047 licentiae,
1060 1989 1222 2050 quam
1241 1968 1387 2028 flulti
1406 1968 1472 2026 li·

286 2055 553 2112 bei-tatem
575 2058 870 2128 vocabant,
900 2076 1087 2115 comes
1120 2053 1474 2128 seditionum,

287 2136 541 2195 effrenati
563 2139 752 2219 populi
775 2141 1215 2213 incitamentum,
1243 2135 1356 2198 fine
1373 2140 1479 2197 ob-

289 2218 503 2299 sequio,
514 2221 626 2281 fine
641 2222 1476 2299 servitute,contumax,temera-

290 2308 390 2370 ria.
417 2327 707 2384 arroganS,
747 2329 886 2387 quae
915 2313 974 2369 in
996 2313 1137 2369 bene
1162 2306 1472 2370 constitutis

289 2394 603 2453 civitatibus
620 2416 737 2471 pon
754 2400 951 2457 oritur.
998 2415 1161 2477 quem
1183 2397 1330 2454 enim
1348 2417 1475 2455 ora-

290 2495 466 2541 torem
491 2480 981 2545 Lacedaemonium
999 2526 1019 2562 ,
1055 2501 1221 2564 quem
1246 2486 1478 2547 Creten-
