1759 2992
313 135 901 178 ηιςτοιιᾼκυκ
948 135 1085 181 ιιι.
1125 137 1220 180 ιν.
1294 135 1371 196 71

190 219 341 280 velio
357 223 415 278 in
437 221 708 280 coloniam
724 215 1096 282 Treverorum
1114 220 1380 301 transgre-

193 309 250 368 di
263 307 512 383 jubetur,
530 305 812 387 praefinita
825 306 914 367 die
930 310 1073 367 intra
1089 329 1252 387 quam
1268 306 1381 370 calt-

195 397 299 454 tris
321 392 635 454 excederet.
679 395 918 454 medium
950 415 1118 454 omne
1142 410 1383 475 tempus,

195 482 478 562 pervarias
489 501 648 541 curas
661 501 840 558 egere3
853 481 1223 558 ignavillimus
1235 480 1384 560 quis·

197 586 328 646 que,
366 566 644 627 caesorum
682 566 825 648 apud
858 574 1062 626 Vetera
1099 568 1384 647 exemplo,

198 668 494 734 paventes3
532 654 733 716 melior
747 674 896 734 pars,
913 710 918 714 .
936 656 1139 714 rubore
1164 669 1222 713 et
1239 654 1385 714 infa-

198 740 309 799 mia
332 745 349 772 ‘
372 741 533 820 quale
547 741 685 801 illud
711 744 838 814 iter,
861 742 987 820 quis
1003 740 1121 800 dux
1138 742 1299 801 viae?
1327 742 1386 801 ct

198 826 219 858 ‘
249 828 440 887 omnia
462 830 521 885 in
544 829 776 887 arbitrio
804 846 1020 899 eorum,
1068 845 1212 904 quos
1243 827 1388 886 vitae

198 911 223 945 ‘
251 910 512 989 necisque
526 912 789 972 dominos
805 910 1088 970 feciffem:
1131 910 1223 968 alii
1239 912 1393 972 nulla

196 996 487 1057 dedecoris
509 1014 664 1070 cura,
715 997 1003 1075 pecuniam
1023 1011 1117 1054 aut
1134 997 1393 1056 carillima

199 1083 417 1144 fibimet
445 1081 541 1164 ipfi
564 1080 919 1143 circumdare.
967 1082 1189 1161 quidam
1223 1102 1392 1161 expe-

201 1170 320 1231 dire
343 1189 510 1246 arina,
567 1169 798 1250 telisque
820 1185 1099 1248 tamquam
1133 1173 1189 1228 in
1220 1171 1392 1229 aciem

203 1258 439 1333 accingi.
511 1259 646 1317 baec
695 1256 1110 1326 meditantibus,
1160 1256 1402 1316 advenit-

202 1340 580 1423 proficiscendi
604 1346 762 1416 hora,
805 1342 1206 1422 exspectatione
1227 1341 1391 1402 tristi-

116 1494 141 1504 -
201 1449 291 1487 or.
307 1429 903 1505 quippeintravallum,
916 1429 1235 1488 deformitas
1243 1427 1394 1487 haud

205 1511 438 1592 perinde
460 1512 753 1570 notabilis:
791 1513 1000 1570 detexit
1031 1512 1397 1588 ignominiam

207 1614 461 1675 oempu8‚
495 1597 705 1655 etdies.
751 1595 992 1655 revulsae
1008 1599 1398 1678 imperatorum

209 1682 510 1760 imagines,
545 1684 826 1742 inhonora
850 1681 1021 1759 ligna,
1061 1682 1397 1761 fulgentibus

207 1767 495 1830 hincinde
522 1768 812 1829 Gallorum
835 1770 1075 1845 vexillis,
1122 1769 1281 1831 filens
1302 1791 1397 1849 ag-

207 1877 356 1927 men,
408 1871 464 1916 et
501 1856 657 1916 velut
692 1855 892 1931 longae
919 1855 1225 1937 exsequiae.
1275 1857 1398 1919 dux
1480 1912 1486 1918 ,

210 1941 475 2003 Claudius
488 1947 715 2002 Sanetus
730 1941 919 2004 effossb
935 1945 1120 2017 oculo,
1163 1945 1315 2004 dirus
1331 1965 1397 2004 o·

212 2049 297 2102 re,
333 2030 559 2104 ingenio
581 2029 834 2090 debilior.
878 2030 1183 2110 duplicatur
1200 2033 1398 2108 flagiti-

212 2134 334 2188 um,
354 2116 636 2196 postquam
655 2115 878 2177 desertis
897 2117 1270 2176 Bonnensibus
1286 2112 1412 2174 cas-'

209 2202 341 2274 tris,
368 2199 535 2261 altera
552 2200 604 2259 se
626 2201 769 2277 legio
784 2200 1093 2261 miscuerat.
1138 2215 1193 2257 et
1211 2201 1404 2278 vulga·

212 2302 271 2346 ta
291 2302 572 2365 captarum
589 2288 866 2363 legionum
891 2287 1057 2359 fama,
1097 2287 1279 2344 cuncti
1303 2289 1425 2366 qui,

214 2372 383 2452 paulo
408 2389 534 2432 ante
566 2379 943 2439 Romanorum
968 2370 1173 2432 nomen
1212 2374 1420 2433 horre-'

218 2460 370 2537 bant,
394 2474 783 2540 procurrentes
797 2479 870 2527 ex
884 2462 1030 2539 agris
1046 2456 1324 2542 mistisque,
1346 2454 1418 2523 etf
1493 2498 1502 2505 ι
