1759 2992
349 131 470 192 244
614 130 1241 175 naor-aromatis

341 214 649 294 adquiritur
667 258 685 283 ,
726 214 953 276 eandem
983 216 1238 278 docerem
1262 219 1320 276 in
1343 218 1510 280 medio

343 299 518 370 fitam,
529 316 585 359 et
598 304 904 381 propiorem
918 304 1081 362 nobis
1095 323 1258 382 quam
1271 312 1381 364 Ser.
1395 306 1517 365 Gal·

340 387 439 445 bae
456 428 475 461 ‚
516 392 585 445 C.
604 390 886 463 Carboni,
936 388 1185 467 quosque
1207 389 1347 449 alios
1379 394 1515 451 anti·

338 491 482 549 quos
499 475 697 532 merito
713 493 1059 535 vocaremus.
1092 473 1215 535 sunt
1232 478 1377 535 enim
1393 479 1514 538 hor·

333 556 462 627 ridi,
486 575 543 617 et
569 558 828 636 impoliti,
855 574 914 618 et
933 560 1117 635 rudes,
1142 578 1198 620 et
1216 561 1517 624 informes.

334 656 392 702 et
413 663 558 724 quos
576 648 791 704 utinam
821 648 1066 705 imitatus
1087 666 1207 707 nou
1238 645 1367 707 effet
1394 650 1516 708 Cal·

333 748 439 790 vus
468 728 640 791 vester
660 744 756 789 aut
778 731 1026 807 Coelius,
1053 747 1149 791 aut
1170 732 1283 811 ipse
1299 735 1514 797 Cicero.

333 834 494 892 agere
513 818 658 877 enim
680 816 926 877 fortius
901 837 1021 895 jam
1034 834 1091 878 et
1112 818 1399 879 audentius
1417 842 1518 881 vo·

331 900 418 976 10,
441 899 480 962 fi
502 904 634 963 illud
656 920 785 963 ante
806 904 1152 983 praedixero,
1174 907 1367 964 mutari
1389 926 1517 969 cum

332 992 675 1067 temporibus
709 989 915 1050 formas
950 1005 1010 1048 et
1043 1010 1239 1068 genera
1273 990 1515 1054 dicendi.

330 1071 471 1134 ficut
502 1077 701 1134 Catoni
729 1073 842 1133 seni
870 1091 1218 1153 comparatus
1251 1082 1318 1134 C.
1346 1084 1520 1137 Grae-

329 1162 468 1220 chus
485 1161 766 1240 plenioret
782 1161 998 1218 uberior
1012 1182 1029 1227 ;
1055 1158 1126 1218 fic
1142 1164 1394 1218 Graccho
1408 1183 1519 1240 po-

328 1244 485 1303 litior
511 1261 569 1304 et
599 1245 845 1303 ornatior
874 1241 1126 1302 Craffus=
1168 1242 1238 1302 fic
1274 1258 1516 1324 utroque

327 1328 632 1390 distinetior
650 1344 706 1388 et
726 1330 987 1388 urbanior
1009 1344 1066 1387 et
1086 1329 1249 1388 altior
1271 1331 1470 1392 Cicero
1491 1356 1513 1394 τ

328 1417 598 1477 Cicerone
613 1418 797 1475 mitior
820 1418 1103 1476 Corvinus
1120 1429 1175 1474 et
1195 1414 1427 1492 dulcior,
1457 1435 1519 1479 et

326 1504 390 1563 in
416 1506 598 1564 verbis
620 1505 790 1580 magis
805 1502 1139 1562 elaboratus.
1188 1522 1288 1563 nec
1304 1522 1516 1582 quaero

327 1591 456 1669 quis
477 1587 868 1650 disertiffimus:
902 1592 1011 1648 hoc
1033 1590 1250 1649 interim
1270 1588 1517 1668 probass'e

326 1691 627 1736 contentus
645 1674 779 1744 sum,
804 1694 918 1733 non
938 1674 1040 1733 effe
1058 1695 1224 1734 unum
1243 1675 1515 1753 eloquen-

324 1762 435 1821 tiae
469 1761 685 1821 vultum
702 1804 720 1829 ‚
768 1759 854 1818 sed
891 1761 949 1816 in
991 1761 1098 1817 inis
1123 1780 1347 1838 quoque
1368 1780 1518 1838 quos

323 1847 541 1905 voeatis
555 1848 843 1922 antiquos,
874 1844 1059 1920 plures
1092 1842 1287 1920 species
1319 1845 1519 1922 depre-

324 1928 524 2001 hendi3
545 1950 657 1988 nee
667 1928 847 1987 statim
865 1927 1106 1986 deterius
1127 1927 1233 1985 effe
1247 1928 1399 2004 quod
1423 1927 1518 1987 di-

324 2015 536 2079 versum
551 2014 656 2075 estt
676 2016 1014 2075 vitio-autem
1030 2014 1386 2090 malignitatis
1404 2016 1517 2073 hu-

325 2123 518 2166 manae
542 2118 723 2162 vetera
743 2099 947 2179 semper
969 2101 1027 2159 in
1052 2098 1233 2173 laude,
1258 2099 1518 2177 praesen-

322 2192 401 2250 tia
424 2191 482 2248 in
510 2186 723 2249 fastidio
744 2184 867 2247 effe.
930 2206 1063 2246 num
1087 2185 1397 2245 dubitamus
1419 2189 1517 2245 in-

322 2291 524 2340 ventos
544 2315 577 2346 ,·
603 2276 702 2355 qui
730 2291 834 2354 pro
869 2277 1087 2332 Gitone
1110 2274 1345 2351 Appium
1365 2277 1517 2330 Cae·

321 2379 449 2419 cum
466 2364 642 2439 magis
655 2363 985 2421 mirarentur
1000 2361 1022 2419 ἓ
1041 2358 1169 2417 satis
1181 2357 1385 2417 constat
1400 2377 1516 2420 nec

308 2446 579 2519 ciceroni
607 2446 828 2528 quidem
845 2449 1238 2512 obtrectatores
1259 2442 1515 2524 defuist,
