<?xml version="1.0" encoding="UTF-8"?>
<!DOCTYPE html PUBLIC "-//W3C//DTD XHTML 1.0 Transitional//EN"
    "http://www.w3.org/TR/xhtml1/DTD/xhtml1-transitional.dtd">
<html xmlns="http://www.w3.org/1999/xhtml" xml:lang="en" lang="en">
 <head>
  <title>
</title>
<meta http-equiv="Content-Type" content="text/html;charset=utf-8" />
  <meta name='ocr-system' content='tesseract 3.04.00' />
  <meta name='ocr-capabilities' content='ocr_page ocr_carea ocr_par ocr_line ocrx_word'/>
</head>
<body>
  <div class='ocr_page' id='page_1' title='image "./ccorneliitaciti05grongoog_0223.png"; bbox 0 0 1759 2992; ppageno 0'>
   <div class='ocr_carea' id='block_1_1' title="bbox 416 136 1397 214">
    <p class='ocr_par' dir='ltr' id='par_1_1' title="bbox 416 136 1397 214">
     <span class='ocr_line' id='line_1_1' title="bbox 416 136 1397 214; baseline 0.003 -22"><span class='ocrx_word' id='word_1_1' title='bbox 416 149 631 199; x_wconf 71' lang='lat' dir='ltr'>sumn</span> <span class='ocrx_word' id='word_1_2' title='bbox 669 148 1184 193; x_wconf 52' lang='lat' dir='ltr'>Aonxcaxmi.</span> <span class='ocrx_word' id='word_1_3' title='bbox 1278 136 1397 214; x_wconf 80' lang='lat'>189</span> 
     </span>
    </p>
   </div>
   <div class='ocr_carea' id='block_1_2' title="bbox 115 226 1397 2452">
    <p class='ocr_par' dir='ltr' id='par_1_2' title="bbox 115 226 1397 2447">
     <span class='ocr_line' id='line_1_2' title="bbox 209 226 1397 309; baseline 0 -20"><span class='ocrx_word' id='word_1_4' title='bbox 209 226 394 290; x_wconf 84' lang='lat' dir='ltr'>statuit</span> <span class='ocrx_word' id='word_1_5' title='bbox 412 227 726 290; x_wconf 82' lang='lat' dir='ltr'>exscindere</span> <span class='ocrx_word' id='word_1_6' title='bbox 739 252 758 302; x_wconf 72' lang='grc' dir='ltr'><strong>ς</strong></span> <span class='ocrx_word' id='word_1_7' title='bbox 802 250 834 288; x_wconf 88' lang='lat' dir='ltr'>a</span> <span class='ocrx_word' id='word_1_8' title='bbox 875 228 928 288; x_wconf 86' lang='lat' dir='ltr'>se</span> <span class='ocrx_word' id='word_1_9' title='bbox 966 227 1181 309; x_wconf 89' lang='lat' dir='ltr'>suisque</span> <span class='ocrx_word' id='word_1_10' title='bbox 1218 230 1397 307; x_wconf 71' lang='lat' dir='ltr'>orsus,</span> 
     </span>
     <span class='ocr_line' id='line_1_3' title="bbox 209 312 1396 397; baseline 0.003 -24"><span class='ocrx_word' id='word_1_11' title='bbox 209 319 447 397; x_wconf 85' lang='lat' dir='ltr'>primum</span> <span class='ocrx_word' id='word_1_12' title='bbox 481 314 707 375; x_wconf 79' lang='lat' dir='ltr'>domum</span> <span class='ocrx_word' id='word_1_13' title='bbox 732 312 880 375; x_wconf 88' lang='lat' dir='ltr'>suam</span> <span class='ocrx_word' id='word_1_14' title='bbox 923 317 1206 390; x_wconf 76' lang='lat' dir='ltr'>coe‘rcuit,</span> <span class='ocrx_word' id='word_1_15' title='bbox 1242 318 1396 397; x_wconf 89' lang='lat' dir='ltr'>quod</span> 
     </span>
     <span class='ocr_line' id='line_1_4' title="bbox 204 399 1395 502; baseline 0.003 -43"><span class='ocrx_word' id='word_1_16' title='bbox 204 399 480 502; x_wconf 82' lang='lat' dir='ltr'>plerisque</span> <span class='ocrx_word' id='word_1_17' title='bbox 501 400 645 460; x_wconf 86' lang='lat' dir='ltr'>haud</span> <span class='ocrx_word' id='word_1_18' title='bbox 661 402 844 460; x_wconf 82' lang='lat' dir='ltr'>minus</span> <span class='ocrx_word' id='word_1_19' title='bbox 861 400 1089 461; x_wconf 81' lang='lat' dir='ltr'>arduum</span> <span class='ocrx_word' id='word_1_20' title='bbox 1109 401 1203 474; x_wconf 87' lang='lat' dir='ltr'>est,</span> <span class='ocrx_word' id='word_1_21' title='bbox 1227 422 1395 480; x_wconf 89' lang='lat' dir='ltr'>quam</span> 
     </span>
     <span class='ocr_line' id='line_1_5' title="bbox 209 486 1395 567; baseline 0.003 -22"><span class='ocrx_word' id='word_1_22' title='bbox 209 488 548 566; x_wconf 84' lang='lat' dir='ltr'>provinciam</span> <span class='ocrx_word' id='word_1_23' title='bbox 589 506 807 564; x_wconf 71' lang='lat' dir='ltr'>regeret</span> <span class='ocrx_word' id='word_1_24' title='bbox 856 486 995 546; x_wconf 83' lang='lat' dir='ltr'>nibil</span> <span class='ocrx_word' id='word_1_25' title='bbox 1030 507 1127 567; x_wconf 89' lang='lat' dir='ltr'>per</span> <span class='ocrx_word' id='word_1_26' title='bbox 1162 488 1395 549; x_wconf 79' lang='lat' dir='ltr'>libertos</span> 
     </span>
     <span class='ocr_line' id='line_1_6' title="bbox 208 570 1392 652; baseline 0.005 -24"><span class='ocrx_word' id='word_1_27' title='bbox 208 570 496 652; x_wconf 86' lang='lat' dir='ltr'>servosque</span> <span class='ocrx_word' id='word_1_28' title='bbox 513 574 756 652; x_wconf 84' lang='lat' dir='ltr'>publicae</span> <span class='ocrx_word' id='word_1_29' title='bbox 772 573 871 631; x_wconf 86' lang='lat' dir='ltr'>rei.</span> <span class='ocrx_word' id='word_1_30' title='bbox 888 593 1002 632; x_wconf 86' lang='lat' dir='ltr'>non</span> <span class='ocrx_word' id='word_1_31' title='bbox 1015 572 1199 632; x_wconf 77' lang='lat' dir='ltr'>studiis</span> <span class='ocrx_word' id='word_1_32' title='bbox 1213 576 1392 652; x_wconf 69' lang='lat' dir='ltr'>priva·</span> 
     </span>
     <span class='ocr_line' id='line_1_7' title="bbox 210 659 1391 738; baseline 0.004 -23"><span class='ocrx_word' id='word_1_33' title='bbox 210 660 307 732; x_wconf 78' lang='lat' dir='ltr'>tis,</span> <span class='ocrx_word' id='word_1_34' title='bbox 336 680 439 718; x_wconf 85' lang='lat' dir='ltr'>nec</span> <span class='ocrx_word' id='word_1_35' title='bbox 453 679 524 717; x_wconf 82' lang='lat' dir='ltr'>ex</span> <span class='ocrx_word' id='word_1_36' title='bbox 539 659 1020 720; x_wconf 85' lang='lat' dir='ltr'>commendatione</span> <span class='ocrx_word' id='word_1_37' title='bbox 1034 674 1127 718; x_wconf 90' lang='lat' dir='ltr'>aut</span> <span class='ocrx_word' id='word_1_38' title='bbox 1141 664 1391 738; x_wconf 73' lang='lat' dir='ltr'>precibus</span> 
     </span>
     <span class='ocr_line' id='line_1_8' title="bbox 210 742 1393 825; baseline 0.003 -23"><span class='ocrx_word' id='word_1_39' title='bbox 210 747 594 805; x_wconf 80' lang='lat' dir='ltr'><strong>centurionum</strong></span> <span class='ocrx_word' id='word_1_40' title='bbox 610 745 811 804; x_wconf 76' lang='lat' dir='ltr'>milites</span> <span class='ocrx_word' id='word_1_41' title='bbox 825 742 1105 819; x_wconf 87' lang='lat' dir='ltr'>ascire‚sed</span> <span class='ocrx_word' id='word_1_42' title='bbox 1120 748 1393 825; x_wconf 87' lang='lat' dir='ltr'>optimum</span> 
     </span>
     <span class='ocr_line' id='line_1_9' title="bbox 208 830 1392 909; baseline 0.003 -21"><span class='ocrx_word' id='word_1_43' title='bbox 208 849 481 909; x_wconf 84' lang='lat' dir='ltr'>quemque</span> <span class='ocrx_word' id='word_1_44' title='bbox 526 830 874 889; x_wconf 84' lang='lat' dir='ltr'>fideliflimum</span> <span class='ocrx_word' id='word_1_45' title='bbox 924 845 1113 908; x_wconf 84' lang='lat' dir='ltr'>putare</span> <span class='ocrx_word' id='word_1_46' title='bbox 1133 851 1151 888; x_wconf 75' lang='lat' dir='ltr'>e</span> <span class='ocrx_word' id='word_1_47' title='bbox 1202 833 1392 891; x_wconf 82' lang='lat' dir='ltr'>omnia</span> 
     </span>
     <span class='ocr_line' id='line_1_10' title="bbox 207 913 1391 993; baseline 0.001 -20"><span class='ocrx_word' id='word_1_48' title='bbox 207 914 358 987; x_wconf 87' lang='lat' dir='ltr'>scire,</span> <span class='ocrx_word' id='word_1_49' title='bbox 381 936 497 973; x_wconf 85' lang='lat' dir='ltr'>non</span> <span class='ocrx_word' id='word_1_50' title='bbox 512 918 702 974; x_wconf 88' lang='lat' dir='ltr'>omnia</span> <span class='ocrx_word' id='word_1_51' title='bbox 721 913 942 992; x_wconf 85' lang='lat' dir='ltr'>exsequi</span> <span class='ocrx_word' id='word_1_52' title='bbox 962 936 979 972; x_wconf 73' lang='grc' dir='ltr'><strong><em>ε</em></strong></span> <span class='ocrx_word' id='word_1_53' title='bbox 1005 916 1187 992; x_wconf 80' lang='lat' dir='ltr'>parvis</span> <span class='ocrx_word' id='word_1_54' title='bbox 1204 934 1391 993; x_wconf 80' lang='lat' dir='ltr'>pecca·</span> 
     </span>
     <span class='ocr_line' id='line_1_11' title="bbox 208 997 1392 1076; baseline 0.001 -17"><span class='ocrx_word' id='word_1_55' title='bbox 208 1003 282 1059; x_wconf 86' lang='lat' dir='ltr'>tis</span> <span class='ocrx_word' id='word_1_56' title='bbox 302 1002 540 1074; x_wconf 80' lang='lat' dir='ltr'>veniam,</span> <span class='ocrx_word' id='word_1_57' title='bbox 560 1002 773 1076; x_wconf 76' lang='lat' dir='ltr'>magnis</span> <span class='ocrx_word' id='word_1_58' title='bbox 789 997 1126 1057; x_wconf 84' lang='lat' dir='ltr'>severitatem</span> <span class='ocrx_word' id='word_1_59' title='bbox 1143 1020 1392 1062; x_wconf 86' lang='lat' dir='ltr'>commo·</span> 
     </span>
     <span class='ocr_line' id='line_1_12' title="bbox 205 1082 1392 1165; baseline 0.002 -22"><span class='ocrx_word' id='word_1_60' title='bbox 205 1084 372 1144; x_wconf 74' lang='lat' dir='ltr'>dare:</span> <span class='ocrx_word' id='word_1_61' title='bbox 421 1105 523 1145; x_wconf 86' lang='lat' dir='ltr'>nec</span> <span class='ocrx_word' id='word_1_62' title='bbox 567 1105 742 1165; x_wconf 85' lang='lat' dir='ltr'>poena</span> <span class='ocrx_word' id='word_1_63' title='bbox 781 1084 982 1163; x_wconf 88' lang='lat' dir='ltr'>semper</span> <span class='ocrx_word' id='word_1_64' title='bbox 998 1128 1015 1153; x_wconf 91' lang='lat'>,</span> <span class='ocrx_word' id='word_1_65' title='bbox 1055 1082 1143 1143; x_wconf 91' lang='lat' dir='ltr'>sed</span> <span class='ocrx_word' id='word_1_66' title='bbox 1181 1083 1392 1165; x_wconf 78' lang='lat' dir='ltr'>saepius</span> 
     </span>
     <span class='ocr_line' id='line_1_13' title="bbox 204 1168 1389 1251; baseline 0 -20"><span class='ocrx_word' id='word_1_67' title='bbox 204 1172 549 1251; x_wconf 87' lang='lat' dir='ltr'>poenitentia</span> <span class='ocrx_word' id='word_1_68' title='bbox 585 1186 881 1231; x_wconf 79' lang='lat' dir='ltr'>contentus</span> <span class='ocrx_word' id='word_1_69' title='bbox 920 1168 1056 1229; x_wconf 71' lang='lat' dir='ltr'>esset</span> <span class='ocrx_word' id='word_1_70' title='bbox 1095 1168 1292 1231; x_wconf 82' lang='lat' dir='ltr'>officiis</span> <span class='ocrx_word' id='word_1_71' title='bbox 1330 1186 1389 1231; x_wconf 86' lang='lat' dir='ltr'>et</span> 
     </span>
     <span class='ocr_line' id='line_1_14' title="bbox 201 1256 1386 1338; baseline 0.002 -24"><span class='ocrx_word' id='word_1_72' title='bbox 201 1256 751 1317; x_wconf 81' lang='lat' dir='ltr'>administrationibus</span> <span class='ocrx_word' id='word_1_73' title='bbox 776 1258 963 1338; x_wconf 86' lang='lat' dir='ltr'>potius</span> <span class='ocrx_word' id='word_1_74' title='bbox 991 1277 1108 1316; x_wconf 85' lang='lat' dir='ltr'>non</span> <span class='ocrx_word' id='word_1_75' title='bbox 1131 1272 1386 1338; x_wconf 87' lang='lat' dir='ltr'>peccatu·</span> 
     </span>
     <span class='ocr_line' id='line_1_15' title="bbox 202 1342 1382 1422; baseline 0.001 -20"><span class='ocrx_word' id='word_1_76' title='bbox 202 1363 321 1415; x_wconf 81' lang='lat' dir='ltr'>ros,</span> <span class='ocrx_word' id='word_1_77' title='bbox 349 1363 515 1422; x_wconf 88' lang='lat' dir='ltr'>quam</span> <span class='ocrx_word' id='word_1_78' title='bbox 553 1344 846 1417; x_wconf 81' lang='lat' dir='ltr'>damnare,</span> <span class='ocrx_word' id='word_1_79' title='bbox 892 1364 1016 1402; x_wconf 85' lang='lat' dir='ltr'>cum</span> <span class='ocrx_word' id='word_1_80' title='bbox 1056 1342 1382 1419; x_wconf 70' lang='lat' dir='ltr'>peccassent.</span> 
     </span>
     <span class='ocr_line' id='line_1_16' title="bbox 200 1427 1384 1488; baseline 0 -1"><span class='ocrx_word' id='word_1_81' title='bbox 200 1427 467 1487; x_wconf 80' lang='lat' dir='ltr'>frumenti</span> <span class='ocrx_word' id='word_1_82' title='bbox 501 1443 554 1487; x_wconf 87' lang='lat' dir='ltr'>et</span> <span class='ocrx_word' id='word_1_83' title='bbox 594 1431 924 1488; x_wconf 83' lang='lat' dir='ltr'>tributorum</span> <span class='ocrx_word' id='word_1_84' title='bbox 962 1432 1267 1488; x_wconf 65' lang='lat' dir='ltr'>auftionem</span> <span class='ocrx_word' id='word_1_85' title='bbox 1295 1450 1384 1487; x_wconf 80' lang='lat' dir='ltr'>ae·</span> 
     </span>
     <span class='ocr_line' id='line_1_17' title="bbox 200 1513 1383 1591; baseline 0.003 -21"><span class='ocrx_word' id='word_1_86' title='bbox 200 1513 460 1591; x_wconf 82' lang='lat' dir='ltr'>qualitate</span> <span class='ocrx_word' id='word_1_87' title='bbox 481 1533 768 1572; x_wconf 86' lang='lat' dir='ltr'>munerum</span> <span class='ocrx_word' id='word_1_88' title='bbox 792 1513 1035 1587; x_wconf 81' lang='lat' dir='ltr'>mollire,</span> <span class='ocrx_word' id='word_1_89' title='bbox 1060 1513 1383 1573; x_wconf 68' lang='lat' dir='ltr'>circumcisis</span> 
     </span>
     <span class='ocr_line' id='line_1_18' title="bbox 198 1596 1385 1678; baseline 0.003 -24"><span class='ocrx_word' id='word_1_90' title='bbox 198 1618 340 1678; x_wconf 86' lang='lat' dir='ltr'>quae</span> <span class='ocrx_word' id='word_1_91' title='bbox 369 1598 426 1656; x_wconf 84' lang='lat' dir='ltr'>in</span> <span class='ocrx_word' id='word_1_92' title='bbox 454 1596 724 1675; x_wconf 82' lang='lat' dir='ltr'>quaestum</span> <span class='ocrx_word' id='word_1_93' title='bbox 748 1613 955 1676; x_wconf 82' lang='lat' dir='ltr'>reperta</span> <span class='ocrx_word' id='word_1_94' title='bbox 974 1641 994 1672; x_wconf 87' lang='lat'>‚</span> <span class='ocrx_word' id='word_1_95' title='bbox 1031 1596 1148 1677; x_wconf 90' lang='lat' dir='ltr'>ipso</span> <span class='ocrx_word' id='word_1_96' title='bbox 1178 1601 1385 1658; x_wconf 87' lang='lat' dir='ltr'>tributo</span> 
     </span>
     <span class='ocr_line' id='line_1_19' title="bbox 196 1683 1384 1764; baseline 0.002 -23"><span class='ocrx_word' id='word_1_97' title='bbox 196 1686 420 1762; x_wconf 84' lang='lat' dir='ltr'>gravius</span> <span class='ocrx_word' id='word_1_98' title='bbox 444 1686 810 1743; x_wconf 85' lang='lat' dir='ltr'>tolerabantur</span> <span class='ocrx_word' id='word_1_99' title='bbox 819 1707 836 1755; x_wconf 89' lang='lat'>;</span> <span class='ocrx_word' id='word_1_100' title='bbox 875 1703 1112 1762; x_wconf 87' lang='lat' dir='ltr'>namque</span> <span class='ocrx_word' id='word_1_101' title='bbox 1135 1683 1384 1764; x_wconf 75' lang='lat' dir='ltr'>pet-ludi-</span> 
     </span>
     <span class='ocr_line' id='line_1_20' title="bbox 197 1769 1380 1838; baseline 0.002 -9"><span class='ocrx_word' id='word_1_102' title='bbox 197 1771 376 1829; x_wconf 84' lang='lat' dir='ltr'>brium</span> <span class='ocrx_word' id='word_1_103' title='bbox 407 1770 621 1830; x_wconf 86' lang='lat' dir='ltr'>affidere</span> <span class='ocrx_word' id='word_1_104' title='bbox 641 1769 825 1830; x_wconf 85' lang='lat' dir='ltr'>claufis</span> <span class='ocrx_word' id='word_1_105' title='bbox 848 1771 1059 1828; x_wconf 78' lang='lat' dir='ltr'>horreis</span> <span class='ocrx_word' id='word_1_106' title='bbox 1077 1814 1094 1838; x_wconf 91' lang='lat'><strong><em>,</em></strong></span> <span class='ocrx_word' id='word_1_107' title='bbox 1123 1787 1176 1829; x_wconf 86' lang='lat' dir='ltr'>et</span> <span class='ocrx_word' id='word_1_108' title='bbox 1202 1791 1380 1831; x_wconf 86' lang='lat' dir='ltr'>emere</span> 
     </span>
     <span class='ocr_line' id='line_1_21' title="bbox 194 1855 1381 1938; baseline 0.002 -25"><span class='ocrx_word' id='word_1_109' title='bbox 194 1856 343 1915; x_wconf 83' lang='lat' dir='ltr'>ultro</span> <span class='ocrx_word' id='word_1_110' title='bbox 362 1855 658 1929; x_wconf 86' lang='lat' dir='ltr'>frumenta,</span> <span class='ocrx_word' id='word_1_111' title='bbox 685 1878 747 1917; x_wconf 87' lang='lat' dir='ltr'>ac</span> <span class='ocrx_word' id='word_1_112' title='bbox 762 1856 995 1916; x_wconf 85' lang='lat' dir='ltr'>vendere</span> <span class='ocrx_word' id='word_1_113' title='bbox 1016 1859 1193 1938; x_wconf 88' lang='lat' dir='ltr'>pretio</span> <span class='ocrx_word' id='word_1_114' title='bbox 1216 1877 1381 1934; x_wconf 87' lang='lat' dir='ltr'>coge-</span> 
     </span>
     <span class='ocr_line' id='line_1_22' title="bbox 194 1942 1378 2022; baseline 0 -20"><span class='ocrx_word' id='word_1_115' title='bbox 194 1942 429 2015; x_wconf 78' lang='lat' dir='ltr'>bantur3</span> <span class='ocrx_word' id='word_1_116' title='bbox 453 1944 701 2003; x_wconf 78' lang='lat' dir='ltr'>devortia</span> <span class='ocrx_word' id='word_1_117' title='bbox 718 1945 975 2003; x_wconf 83' lang='lat' dir='ltr'>itinerum</span> <span class='ocrx_word' id='word_1_118' title='bbox 990 1958 1046 2002; x_wconf 88' lang='lat' dir='ltr'>et</span> <span class='ocrx_word' id='word_1_119' title='bbox 1062 1944 1378 2022; x_wconf 86' lang='lat' dir='ltr'>longinqui-</span> 
     </span>
     <span class='ocr_line' id='line_1_23' title="bbox 196 2029 1379 2104; baseline 0.005 -20"><span class='ocrx_word' id='word_1_120' title='bbox 196 2041 280 2085; x_wconf 81' lang='lat' dir='ltr'>tas</span> <span class='ocrx_word' id='word_1_121' title='bbox 305 2031 586 2104; x_wconf 85' lang='lat' dir='ltr'>regionum</span> <span class='ocrx_word' id='word_1_122' title='bbox 607 2029 966 2103; x_wconf 83' lang='lat' dir='ltr'>indicebatur,</span> <span class='ocrx_word' id='word_1_123' title='bbox 988 2044 1052 2086; x_wconf 92' lang='lat' dir='ltr'>ut</span> <span class='ocrx_word' id='word_1_124' title='bbox 1072 2031 1318 2088; x_wconf 80' lang='lat' dir='ltr'>civitates</span> <span class='ocrx_word' id='word_1_125' title='bbox 1344 2050 1379 2090; x_wconf 80' lang='lat' dir='ltr'>a</span> 
     </span>
     <span class='ocr_line' id='line_1_24' title="bbox 195 2112 1379 2190; baseline 0.003 -22"><span class='ocrx_word' id='word_1_126' title='bbox 195 2114 465 2190; x_wconf 84' lang='lat' dir='ltr'>proximis</span> <span class='ocrx_word' id='word_1_127' title='bbox 491 2117 726 2172; x_wconf 83' lang='lat' dir='ltr'>hibernis</span> <span class='ocrx_word' id='word_1_128' title='bbox 750 2117 806 2170; x_wconf 89' lang='lat' dir='ltr'>in</span> <span class='ocrx_word' id='word_1_129' title='bbox 835 2129 1043 2171; x_wconf 86' lang='lat' dir='ltr'>remota</span> <span class='ocrx_word' id='word_1_130' title='bbox 1064 2128 1118 2169; x_wconf 91' lang='lat' dir='ltr'>et</span> <span class='ocrx_word' id='word_1_131' title='bbox 1139 2116 1262 2170; x_wconf 83' lang='lat' dir='ltr'>avia</span> <span class='ocrx_word' id='word_1_132' title='bbox 1285 2112 1379 2171; x_wconf 91' lang='lat' dir='ltr'>de·</span> 
     </span>
     <span class='ocr_line' id='line_1_25' title="bbox 195 2195 1379 2277; baseline 0 -24"><span class='ocrx_word' id='word_1_133' title='bbox 195 2195 423 2267; x_wconf 84' lang='lat' dir='ltr'>ferrent,</span> <span class='ocrx_word' id='word_1_134' title='bbox 451 2196 629 2256; x_wconf 87' lang='lat' dir='ltr'>donee</span> <span class='ocrx_word' id='word_1_135' title='bbox 645 2197 795 2273; x_wconf 82' lang='lat' dir='ltr'>quod</span> <span class='ocrx_word' id='word_1_136' title='bbox 814 2200 1068 2254; x_wconf 81' lang='lat' dir='ltr'>omnibus</span> <span class='ocrx_word' id='word_1_137' title='bbox 1084 2200 1139 2253; x_wconf 82' lang='lat' dir='ltr'>in</span> <span class='ocrx_word' id='word_1_138' title='bbox 1153 2216 1379 2277; x_wconf 82' lang='lat' dir='ltr'>promp-</span> 
     </span>
     <span class='ocr_line' id='line_1_26' title="bbox 115 2278 1377 2359; baseline 0.004 -21"><span class='ocrx_word' id='word_1_139' title='bbox 115 2297 196 2345; x_wconf 88' lang='lat'>20</span> <span class='ocrx_word' id='word_1_140' title='bbox 207 2295 265 2338; x_wconf 88' lang='lat' dir='ltr'>tu</span> <span class='ocrx_word' id='word_1_141' title='bbox 291 2296 423 2353; x_wconf 79' lang='lat' dir='ltr'>erat,</span> <span class='ocrx_word' id='word_1_142' title='bbox 453 2284 639 2359; x_wconf 80' lang='lat' dir='ltr'>paucis</span> <span class='ocrx_word' id='word_1_143' title='bbox 666 2278 933 2340; x_wconf 88' lang='lat' dir='ltr'>lucrosum</span> <span class='ocrx_word' id='word_1_144' title='bbox 958 2280 1131 2340; x_wconf 80' lang='lat' dir='ltr'>fieret.</span> <span class='ocrx_word' id='word_1_145' title='bbox 1222 2287 1377 2344; x_wconf 78' lang='lat' dir='ltr'>Haec</span> 
     </span>
     <span class='ocr_line' id='line_1_27' title="bbox 194 2365 1376 2452; baseline 0.002 -27"><span class='ocrx_word' id='word_1_146' title='bbox 194 2368 373 2447; x_wconf 80' lang='lat' dir='ltr'>primo</span> <span class='ocrx_word' id='word_1_147' title='bbox 399 2365 570 2426; x_wconf 82' lang='lat' dir='ltr'>statim</span> <span class='ocrx_word' id='word_1_148' title='bbox 590 2387 737 2425; x_wconf 87' lang='lat' dir='ltr'>anno</span> <span class='ocrx_word' id='word_1_149' title='bbox 754 2367 1195 2452; x_wconf 84' lang='lat' dir='ltr'>comprimendo,</span> <span class='ocrx_word' id='word_1_150' title='bbox 1224 2387 1376 2444; x_wconf 86' lang='lat' dir='ltr'>egre·</span> 
     </span>
    </p>
   </div>
   <div class='ocr_carea' id='block_1_3' title="bbox 193 2446 1376 2538">
    <p class='ocr_par' dir='ltr' id='par_1_3' title="bbox 193 2446 1376 2538">
     <span class='ocr_line' id='line_1_28' title="bbox 193 2446 1376 2538; baseline 0.005 -27"><span class='ocrx_word' id='word_1_151' title='bbox 193 2455 338 2532; x_wconf 71' lang='lat' dir='ltr'>giam</span> <span class='ocrx_word' id='word_1_152' title='bbox 359 2452 556 2517; x_wconf 83' lang='lat' dir='ltr'>famam</span> <span class='ocrx_word' id='word_1_153' title='bbox 575 2446 1098 2538; x_wconf 72' lang='lat' dir='ltr'>pacieircnmdedit·</span> <span class='ocrx_word' id='word_1_154' title='bbox 1079 2498 1102 2533; x_wconf 80' lang='lat'>,</span> <span class='ocrx_word' id='word_1_155' title='bbox 1133 2473 1271 2536; x_wconf 87' lang='lat' dir='ltr'>quae</span> <span class='ocrx_word' id='word_1_156' title='bbox 1285 2456 1376 2517; x_wconf 79' lang='lat' dir='ltr'>vel</span> 
     </span>
    </p>
   </div>
  </div>
 </body>
</html>
