1759 2992
22 165 23 168 ¹
410 148 1210 202 nutritorumvtra.
1291 145 1404 202 171

164 271 170 276 ·
225 237 372 298 redit
394 238 609 305 animus
623 278 641 309 ,
676 250 732 293 et
753 243 1082 313 quamquam
1108 234 1288 312 primo
1311 233 1410 292 sta·

232 324 336 383 tim
359 321 629 382 beatissimi
653 318 842 379 saeculi
864 334 987 378 ortu
1012 325 1201 379 Nerva
1218 318 1411 381 Caesar

229 429 319 469 res
345 411 479 468 oiim
502 405 858 467 diffociabiles
881 405 1175 480 miscuerit,
1204 407 1411 484 princi·

230 498 419 576 patum
436 516 499 554 ac
514 494 836 567 libertatem,
858 506 1160 571 augeatque
1181 491 1411 553 cottidie

229 579 540 640 felicitatem
555 581 768 660 imperii
786 585 971 639 Nerva
985 578 1289 656 Trajanus‚
1307 597 1413 639 nee

228 664 374 748 spem
391 665 560 727 modo
582 687 646 725 ac
667 680 862 726 votum
894 664 1147 724 securitas
1171 664 1412 746 publica,

226 752 317 814 sed
332 752 492 833 ipfius
505 755 627 814 voti
638 752 989 826 fiduciam‚ac
1002 753 1168 811 robur
1179 750 1411 830 ass’ump·

228 838 394 912 serit3
434 854 628 898 natura
662 854 840 898 tamen
862 834 1197 896 infirmitatis
1224 838 1412 895 huma·

229 940 354 996 nae,
368 924 607 984 tardiora
623 921 748 980 sunt
758 921 996 980 remedia
1009 938 1172 999 quam
1186 922 1343 994 mala,
1355 935 1415 980 et

234 1023 296 1066 ut
313 1028 547 1087 corpora
571 1008 716 1066 lente
739 1003 1054 1083 augescunt,
1076 1008 1190 1064 cito
1212 1003 1413 1065 exstin-

229 1106 507 1172 guuntur,
551 1090 620 1152 fic
647 1094 861 1171 ingenia
884 1090 1163 1171 studiaque
1192 1089 1414 1172 oppres-

229 1179 359 1239 seris
393 1178 605 1240 facilius
622 1223 640 1249 ,
675 1199 840 1257 quam
865 1178 1226 1240 revocaveris.
1272 1176 1412 1238 subit

226 1267 613 1346 quippeetiam
631 1265 790 1345 ipsius
815 1266 1044 1325 inertiae
1057 1263 1321 1325 dulcedot
1350 1281 1410 1325 et

226 1350 404 1411 invisa
442 1353 622 1430 ‘primo
646 1351 843 1423 defidia
864 1348 1136 1431 postremo
1176 1366 1408 1413 amatur.

229 1437 364 1516 quid
404 1434 442 1494 s1
476 1455 570 1517 per
607 1435 919 1512 quindecim
956 1456 1134 1495 annos
1153 1478 1172 1510 ,
1210 1436 1411 1513 grande

228 1520 479 1581 mortalis
516 1522 636 1578 aevi
659 1518 888 1598 spatium
906 1562 925 1589 ,
969 1521 1128 1580 multi
1165 1519 1413 1580 fortuitis

225 1605 433 1668 cafibus
449 1647 467 1680 ‚
500 1603 922 1684 promptissimus
944 1605 1171 1684 quisque
1191 1604 1414 1665 saevitia

224 1693 496 1774 principis
519 1691 951 1751 interciderunt?
981 1693 1157 1770 pauci,
1180 1707 1236 1751 et
1260 1705 1318 1750 ut
1335 1693 1412 1750 ita

223 1779 479 1848 dixerim,
506 1797 621 1837 non
647 1775 814 1837 modo
830 1778 1085 1855 aliorum,
1123 1777 1209 1836 sed
1241 1779 1409 1838 etiam

225 1865 391 1925 nostri
414 1862 715 1945 superstites
731 1862 881 1924 sumu
890 1885 937 1942 ε,
959 1867 1227 1944 exemptis
1244 1887 1274 1924 e
1292 1884 1408 1923 me·

221 1951 312 2010 dia
331 1953 442 2010 vita
460 1968 546 2009 tot
563 1955 749 2025 anniS,
773 1955 973 2030 quibus
991 1955 1226 2030 juvenes
1244 1950 1310 2012 ad
1328 1948 1407 2010 se·

225 2040 520 2107 nectutem,
548 2034 700 2095 senes
724 2057 896 2116 prope
928 2038 995 2096 ad
1020 2036 1162 2116 ipsos
1187 2040 1409 2096 exaCtae

225 2123 419 2178 ‘aetatis
435 2124 698 2186 terminos
717 2141 813 2199 per
835 2119 1099 2181 filentium
1117 2124 1405 2191 venimus;

227 2223 346 2262 non
364 2220 545 2263 tamen
569 2208 770 2281 pigebit
785 2205 876 2264 vel
902 2206 1189 2266 incondita
1210 2227 1270 2265 ac
1286 2203 1409 2265 rudi

228 2309 370 2348 voce
389 2293 704 2349 memoriam
720 2292 917 2369 prioris
934 2289 1203 2351 servitutis
1226 2313 1289 2352 ac
1306 2290 1409 2352 tes·

226 2377 518 2436 timonium
556 2375 916 2455 praesentium
952 2378 1226 2438 bonorum
1253 2398 1408 2439 com·

226 2460 479 2546 posuiss'e.
523 2465 615 2528 hic
629 2465 848 2525 interim
865 2464 1001 2526 liber
1017 2466 1217 2527 honori
1243 2476 1283 2527 A
1293 2467 1404 2546 gri*

743 2556 802 2614 H
851 2571 887 2616 2
