1759 2992
369 88 480 146 172
575 80 632 131 e.
673 88 1071 131 coam-:211
1105 87 1394 131 τΑειτι

356 176 505 234 colae
528 172 692 234 soceri
723 177 826 233 mei
850 172 1142 234 destinatus
1159 216 1181 250 ‚
1212 169 1528 255 profeffione

355 263 574 340 pietatis
589 303 608 336 ,
631 276 725 319 aut
753 258 1006 320 laudatus
1026 262 1130 320 erit
1145 302 1167 337 ,
1197 276 1292 320 aut
1312 258 1528 320 excusa·

355 361 467 405 tus.
1107 368 1118 372 ‘

355 430 560 546 CNA
576 450 692 490 Eos
719 431 900 506 Julius
919 432 1175 508 Agricola
1197 448 1381 492 vetere
1395 447 1449 492 et
1468 433 1531 493 il·
1548 460 1585 516 4

520 515 667 576 lustri
709 517 1163 595 Forojulienlium
1194 519 1414 578 colonia
1439 541 1528 579 or-

350 613 464 676 tus,
485 617 777 682 utrumque
791 623 955 661 avum
972 619 1382 682 procuratorem
1397 612 1534 665 Cae-

341 684 527 747 *sarum
556 690 771 749 habuit:
813 708 952 767 quae
983 687 1242 766 equestris
1266 691 1533 751 nobilitas

350 770 457 846 est3
485 791 636 854 pater
654 775 829 852 Julius
843 775 1145 835 Graecinus
1161 773 1414 834 senatorii
1438 797 1534 836 or—
1573 801 1586 809 ·

352 858 524 935 dinis,
554 861 730 936 studio
753 861 1098 940 eloquentiae
1135 858 1537 942 sapientiaeque

353 962 526 1006 notus
548 971 565 1020 ;
587 946 756 1026 iisque
778 949 1072 1006 virtutibus
1096 948 1228 1006 iram
1257 949 1373 1005 Caii
1400 955 1535 1006 Cae·

351 1031 485 1092 saris
502 1037 747 1092 meritus.
791 1054 1028 1112 namque
1044 1040 1286 1093 Marcum
1298 1033 1534 1093 Silanum

350 1116 812 1194 accusarejuffus3
840 1133 896 1175 et
912 1120 1039 1194 quia
1054 1120 1334 1190 abnuerat,
1362 1121 1534 1177 inter-

348 1202 518 1262 festus
537 1201 631 1260 est.
678 1216 850 1260 mater
869 1202 1012 1276 Julia
1035 1203 1263 1260 Procilla
1284 1201 1412 1276 suit,
1440 1224 1533 1262 ra·-

347 1306 439 1348 rae
456 1285 743 1360 castitatis;
771 1289 829 1344 in
850 1288 1014 1363 hujus
1031 1285 1146 1346 finu
1162 1286 1534 1365 indulgentia·

350 1392 459 1454 que
482 1373 738 1433 educatus
759 1416 777 1447 ,
817 1394 911 1452 per
936 1393 1159 1432 omnem
1181 1372 1533 1436 honestarum

349 1462 549 1520 artium
567 1460 771 1518 cultum
789 1462 1073 1538 pueritiam
1090 1451 1546 1521 adolescentiam-¹

306 1610 310 1616 ,
351 1567 462 1627 que
483 1545 759 1624 transegit.
804 1549 1017 1606 arcebat
1040 1567 1161 1605 eum
1187 1550 1254 1606 ab
1267 1546 1532 1607 illecebris
1569 1571 1574 1575 ·

350 1634 692 1714 peccantium
729 1649 944 1710 praeter
980 1630 1141 1712 ipfius
1165 1634 1362 1691 bonam
1386 1636 1530 1690 inte·

348 1737 616 1796 gramque
639 1733 885 1776 naturam
904 1760 923 1790 ,
954 1715 1105 1793 quod
1132 1713 1303 1774 statim
1327 1735 1529 1794 parvu-

348 1804 435 1864 lus
450 1802 624 1862 sedem
639 1824 702 1861 ac
719 1801 1018 1877 magistram
1036 1799 1332 1859 studiorum
1348 1801 1530 1860 Maffi·

347 1889 476 1951 liam
509 1889 791 1960 habuerit,
826 1886 1009 1945 locum
1034 1892 1240 1944 Graeca
1268 1888 1534 1949 comitate

350 1989 409 2036 et
443 1973 764 2054 provinciali
805 1973 1139 2051 parcimonia
1174 1969 1388 2031 mistum
1405 2015 1422 2046 ,
1464 1994 1534 2036 ae

352 2064 488 2123 bene
508 2058 888 2139 compofitum.
932 2058 1192 2116 memoria
1214 2074 1378 2117 teneo
1402 2057 1531 2119 soli-

352 2163 470 2208 tum
493 2145 665 2226 ipsum
691 2157 929 2218 narrare,
951 2143 971 2175 ‘
990 2142 1041 2202 se
1063 2146 1120 2202 in
1141 2144 1530 2222 primajuven·

352 2234 375 2266 ‘
399 2249 453 2292 ta
474 2233 704 2294 studium
728 2231 1099 2312 philosophiae
1119 2252 1180 2288 ac
1194 2230 1361 2308 juris,
1386 2232 1531 2291 ultra

351 2318 373 2350 ‘
400 2338 564 2395 quam
618 2317 922 2378 concess‘um
975 2324 1138 2377 Rom.
1187 2337 1248 2376 ac
1292 2314 1533 2377 senatori

349 2399 372 2434 ‘
391 2402 646 2466 haufiss’ez
659 2407 722 2465 ni
734 2404 1027 2488 prudentia
1042 2406 1228 2469 matris
1245 2399 1529 2478 incensum
