1759 2992
388 153 475 224 48
582 166 641 209 c.
683 167 1085 215 enarratu
1132 169 1443 220 τΛοιτι·

380 250 519 310 dum
535 249 800 311 senatoria
815 266 1012 327 aetate,
1024 273 1091 312 au
1098 250 1181 312 sus
1193 274 1297 332 pro
1306 254 1481 314 fratre
1499 256 1579 312 A»

373 339 563 418 quiiio
582 338 795 415 Regulo
820 337 1118 417 deprecari.
1151 341 1432 418 Regulum
1457 338 1578 399 sub-

383 423 540 484 versa
576 423 893 482 Crafforum
933 441 991 482 et
1019 429 1249 503 orphiti
1285 426 1490 486 domus
1523 429 1582 486 in

382 509 649 571 summum
667 509 854 567 odium
871 511 1162 569 extulerat.
1205 510 1488 591 sponte-ex
1502 510 1581 571 se-

384 593 801 656 natusconsulto
825 595 1222 654 accusationem
1239 597 1461 656 subiisse
1478 599 1578 677 ju'·

378 683 536 742 venis
555 682 871 757 admodum,
887 701 985 741 nee
1001 682 1300 760 depellendi
1316 685 1575 763 periculi,

376 767 472 830 sed
495 770 557 828 in
574 767 719 848 spem
738 770 1013 848 potentiae
1036 768 1340 828 videbatur.
1379 785 1436 828 et
1452 770 1575 829 Sul-

383 857 529 938 picia
546 863 888 916 Praetextata
904 855 1068 914 Crassi
1090 875 1236 915 uxor
1242 898 1259 929 ‚
1303 871 1576 935 quatuor-

383 964 495 1024 que
518 943 694 1018 liberi,
733 940 1135 1019 ficognosceret
1153 940 1390 1017 senatus,
1427 942 1577 1002 ulto-

388 1052 474 1091 res
517 1030 767 1090 aderant.
825 1032 989 1107 igitur
1015 1026 1232 1086 Meffala
1270 1050 1388 1088 non
1420 1027 1577 1091 caus·-

386 1115 496 1176 sam
525 1137 705 1196 neque
721 1137 875 1174 reum
891 1118 1050 1183 tueri,
1090 1113 1178 1173 sed
1201 1099 1452 1194 periculis
1467 1115 1578 1173 fra-

377 1205 488 1260 tris
512 1199 675 1260 semet
696 1220 1014 1281 opponens,
1046 1202 1268 1260 flexerat
1283 1199 1567 1278 quosdam

376 1289 632 1348 occurrit
654 1289 1077 1346 ancien-atione
1101 1287 1323 1346 Curtius
1346 1292 1573 1345 Monta*

370 1393 512 1446 mm,
528 1393 607 1431 »ρο
632 1371 796 1452 usque
812 1371 1146 1453 progressus,
1185 1387 1252 1431 ut
1275 1372 1428 1452 ‘post
1448 1392 1572 1439 enee

382 1457 405 1494 ‘
425 1458 562 1518 dem
587 1460 811 1534 Galbae,
861 1458 1045 1518 datam
1065 1458 1396 1518 interfectori
1420 1457 1573 1518 Piso-

378 1544 401 1581 ⁸
433 1547 521 1604 nis
537 1549 869 1624 pecuniama
888 1546 1124 1622 Regulo,
1163 1540 1577 1627 adpetitumque

385 1631 408 1668 ‘
435 1631 618 1695 morsu
653 1633 861 1693 Pisonis
888 1647 1053 1711 caput
1075 1632 1392 1708 objeRaret.
1440 1635 1576 1692 haec

384 1719 406 1753 ‘
437 1736 606 1791 certe,
649 1722 859 1797 inquit,
889 1725 1042 1777 Nero
1066 1738 1184 1777 non
1219 1719 1429 1795 coegit,
1469 1738 1577 1778 nec

370 1810 401 1837 '‘
433 1806 772 1882 dignitatem,
790 1820 884 1863 aut
900 1802 1122 1863 salutem
1141 1804 1232 1862 illa
1249 1803 1471 1864 saevitia
1488 1824 1575 1863 re·
1599 1825 1604 1831 ·

381 1889 408 1943 ἱ
434 1890 658 1950 demisti.
697 1889 1128 1950 sane‘toleremus
1149 1888 1368 1951 istorum
1385 1890 1572 1969 defen-

378 1976 401 2007 ‘
433 1974 641 2037 fiones:
685 1980 782 2055 qui
801 1976 1023 2056 perdere
1040 1978 1197 2051 alios,
1236 1997 1402 2058 quam
1425 1977 1571 2054 peri-

380 2063 401 2095 ‘
433 2064 609 2124 clitari
633 2061 730 2143 ipfi
755 2064 1085 2123 maluerunt.
1136 2078 1190 2122 te
1215 2062 1457 2122 securum
1482 2082 1573 2147 re-

377 2148 402 2182 (
435 2152 671 2230 liquerat
687 2149 838 2209 exsul
854 2167 1027 2231 pater,
1037 2167 1091 2209 et
1108 2148 1278 2209 divisa
1292 2151 1440 2207 inter
1453 2169 1573 2209 cre-

371 2237 403 2273 ·‘
434 2240 639 2297 ditores
678 2239 848 2311 bona,
896 2237 1146 2297 nondum
1177 2239 1455 2295 honorum
1480 2256 1574 2295 ca-

379 2323 401 2357 ‘
432 2344 543 2403 pax
569 2340 749 2396 aetas;
780 2323 927 2383 -nihil
945 2324 1095 2403 quod
1115 2344 1185 2381 ex
1208 2339 1263 2381 te
1284 2321 1576 2401 concupis?-

378 2408 399 2441 ‘
434 2426 582 2468 ceret
607 2417 783 2484 Nem,
821 2411 959 2469 nihil
982 2409 1134 2490 quod
1159 2411 1409 2481 timeret5
1443 2410 1572 2468 fibi·

378 2493 399 2528 ‘
424 2493 560 2556 dine
583 2493 887 2577 sanguinis,
906 2513 966 2558 ‘et
996 2499 1145 2559 hiatu
1177 2496 1576 2578 praemiorum,
1607 2513 1614 2521 ·
