1759 2992
405 133 999 176 urzroxleum
1042 134 1173 176 mn.
1211 135 1300 175 xv.
1369 113 1451 192 67

266 214 287 247 ‘
312 210 386 273 est
403 213 606 274 vallum
626 214 901 293 murique,
942 227 1001 289 et
1015 212 1266 272 trahendi
1279 227 1448 287 artes,

263 300 287 333 ‘
313 299 492 359 donec
528 321 559 358 e
597 303 867 380 proximis
906 301 1212 378 provinciis
1244 296 1452 358 auxilia

261 387 283 420 ‘
311 384 683 466 exercitusque
698 400 1049 445 concurrant.
1079 382 1209 444 sano
1222 404 1326 461 ego
1342 383 1454 444 dis·

264 472 288 505 ‘
316 474 537 550 plieeam
555 495 573 544 ς
594 472 716 532 sunt
725 473 813 532 alii
825 470 1009 548 legati,
1020 472 1246 544 tribuni,
1259 485 1450 530 centu-

269 563 288 590 ‘
311 559 395 617 rio
410 558 668 637 denique,
688 574 784 617 aut
803 556 981 617 miles.
999 579 1067 616 ne
1082 560 1189 619 hoc
1204 557 1449 637 prodigi·

266 643 290 676 ‘
315 663 403 713 um
423 660 543 705 toto
561 661 823 706 terrarum
840 646 976 704 orbe
990 645 1266 722 vulgetur,
1285 645 1445 702 vobis

259 727 284 761 ‘
302 727 1223 810 satellitibus,Civi1emetclafficum
1233 730 1451 790 Italiam

259 815 283 848 ‘
307 816 619 877 invasuros,
665 838 737 876 an
758 815 797 876 fi
819 816 889 876 ad
912 820 1127 877 moenia
1142 819 1291 875 urbis
1309 823 1448 875 Ger-

262 906 283 934 ‘
307 904 459 960 mani
485 903 739 980 Gallique
759 902 1042 970 duxerint,
1071 921 1221 959 arma
1237 905 1453 979 patriae

264 992 284 1018 ⁸
309 985 592 1045 inferetis?
639 989 827 1045 horret
852 988 1069 1044 animus
1090 986 1234 1043 tanti
1256 986 1450 1062 flagitii

262 1072 284 1107 ‘
307 1073 573 1150 imagine.
606 1073 813 1132 Tutori
838 1077 1090 1133 Trevero
1105 1086 1337 1149 agentur
1350 1090 1449 1130 ex·

261 1159 285 1192 ‘
307 1159 535 1219 cubiae?
580 1157 788 1237 lignum
820 1159 949 1220 belli
981 1165 1215 1218 Batavus
1249 1156 1443 1217 dabit?

254 1244 277 1279 ‘
303 1251 706 1306 Germanorum
716 1262 961 1307 mtervas
972 1243 1285 1326 supplebitis
1294 1243 1447 1323 iquis

258 1330 279 1363 ‘
303 1330 501 1391 deinde
516 1331 726 1393 sceleris
741 1336 988 1393 exitus?
1006 1353 1132 1392 cum
1157 1339 1447 1392 Romanae

259 1421 280 1449 ‘
293 1400 543 1492 legiones
557 1433 755 1480 eontra
769 1420 1100 1481 direxerint·
1118 1416 1445 1494 transfugae

263 1501 286 1536 ‘
310 1522 340 1559 e
357 1504 675 1578 transfugis,
701 1521 756 1562 et
774 1507 1086 1583 proditores
1102 1526 1132 1563 e
1148 1505 1445 1585 proditori.-

262 1585 286 1621 ‘
311 1588 474 1656 bus‚'
458 1602 601 1646 mter
616 1604 875 1653 recenset
890 1604 1048 1651 vetus
1061 1588 1449 1650 sacramentum

261 1671 286 1705 ‘
310 1672 464 1744 invisi
481 1674 597 1733 deis
613 1676 855 1737 errabitis
881 1674 902 1733 ἓ
920 1689 995 1747 te,
1015 1677 1230 1756 Jupiter
1243 1676 1448 1755 optime

259 1757 281 1792 ‘
308 1762 571 1834 maxime,
608 1782 769 1840 quem
788 1782 888 1841 per
904 1764 1244 1840 offingentoz
1261 1764 1443 1840 vigin-

260 1845 281 1878 ‘
308 1847 350 1904 ti
370 1866 571 1919 annos,
599 1864 683 1907 tot
716 1850 1002 1930 triumphis
1017 1853 1319 1925 coluimus;
1352 1866 1440 1925 te,

365 1934 540 1993 uirine
570 1942 852 1997 Romanae
880 1957 1079 2017 parens
1102 1939 1273 2009 urbis,
1315 1957 1442 2016 pre-

244 2072 249 2081 .
258 2016 404 2080 ‘cor
419 2023 889 2102 venerorque,utfi
901 2027 1059 2085 vobis
1075 2024 1306 2083 nonfuit
1318 2043 1446 2083 cor-

253 2102 276 2137 ‘
302 2103 383 2178 di,
422 2126 511 2167 me
531 2107 669 2168 duce
700 2112 832 2169 haec
855 2110 1023 2169 castra
1052 2114 1370 2184 incorrupta
1390 2122 1447 2167 et

236 2238 243 2249 .
257 2188 627 2252 ‘intemerata
642 2192 838 2256 servari
856 2217 877 2264 ς
904 2211 962 2252 at
977 2209 1122 2254 certe
1138 2194 1307 2272 pollui
1328 2192 1447 2253 foe·-

234 2274 276 2337 .‘
300 2277 528 2356 darique
550 2299 580 2337 a
596 2285 814 2339 Tutore
828 2294 886 2338 et
901 2279 1130 2339 Claffico
1146 2301 1215 2338 ne
1234 2278 1441 2341 finatis.

256 2365 275 2392 ‘
300 2364 563 2422 militibus
580 2367 843 2425 Romanis
857 2381 950 2424 aut
968 2368 1331 2427 innocentiam
1348 2367 1443 2428 de·-

255 2446 277 2480 ‘
303 2448 409 2525 tis;
443 2464 538 2511 aut
558 2467 851 2532 maturam,
872 2467 932 2513 et
952 2450 1066 2517 line
1083 2474 1234 2516 noxa
1250 2456 1442 2535 poeni·
