1759 2992
324 200 402 251 12
510 198 1374 246 c.conn21.11·rAcx·rn

319 283 345 319 ‘
372 299 557 368 patres
589 288 792 366 avique
829 282 1201 346 instituerint
1256 283 1529 350 ulteriora

317 367 345 406 ‘
370 374 581 448 mirari,
604 371 906 453 praesentia
923 369 1107 454 sequi:
1140 373 1327 433 bonos
1345 375 1527 454 impe·

320 461 341 492 ⁸
370 473 579 520 ratores
609 475 753 521 voto
780 473 1058 541 expetere,
1098 456 1529 539 qualescumque

320 548 342 578 ⁸
371 545 624 606 tolerare.
694 567 813 607 non
870 547 1046 624 magis
1106 544 1199 605 sua
1264 547 1528 606 oratione

324 626 349 665 ‘
376 631 697 703 Thraseam,
737 653 904 713 quam
935 631 1155 711 judicio
1188 628 1406 692 senatus
1437 631 1524 691 af·

321 714 346 752 ⁸
377 718 604 779 flietum.
653 718 931 780 saevitiam
948 719 1195 779 Neronis
1218 737 1318 800 per
1332 716 1523 797 hujus·

321 800 346 839 ‘
377 803 532 866 modi
554 807 818 884 imagines
847 802 1055 865 fflufiss‘e
1072 827 1092 877 ς
1132 826 1233 865 nee
1247 807 1433 864 minus
1454 795 1526 865 'fi-

325 896 345 927 ‘
375 893 434 953 bi
456 896 679 956 anxiam
703 893 865 952 talem
880 893 1199 962 amicitiam,
1215 910 1381 972 quam
1401 891 1522 950 aliis

323 977 348 1012 ⁸
377 976 648 1041 exsilium.
693 978 932 1060 denique
952 976 1276 1053 constantia,
1298 977 1520 1037 fortitu·

323 1066 350 1099 ‘
375 1064 529 1143 dine,
570 1069 879 1127 Catonibus
903 1081 959 1126 et
988 1066 1170 1126 Brutis
1201 1079 1526 1145 aequaretur
1565 1068 1570 1072 ’

210 1226 221 1239 .
323 1153 359 1186 ‘¹
373 1153 700 1213 Helvidius:
732 1151 782 1211 st:
798 1172 969 1212 unum
985 1149 1090 1212 ess'e
1104 1150 1289 1210 exilio
1311 1148 1523 1224 senatu,

278 1248 284 1271 ³
325 1238 350 1274 ‘
380 1241 477 1316 qui
496 1237 653 1298 fimul
665 1236 926 1299 servierit.
963 1235 1186 1297 suadere
1202 1239 1365 1296 etiam
1383 1233 1521 1297 Pris-

324 1323 346 1357 ‘
376 1345 468 1401 co,
505 1346 577 1384 ne
601 1322 755 1404 supra
784 1326 1093 1404 principem
1117 1322 1420 1397 standeret,
1449 1343 1522 1383 ne

327 1410 349 1444 ‘
375 1409 764 1490 Vespasianum
788 1409 970 1470 senem
993 1409 1401 1490 triumphalem,
1424 1409 1518 1487 ju-

326 1502 347 1531 ‘
375 1516 578 1557 venum
615 1497 916 1558 liberorum
961 1514 1169 1577 patrem
1215 1498 1522 1576 praeceptis

327 1590 345 1621 ⁴
374 1585 674 1646 coe’rceret.
714 1604 830 1663 quo
848 1581 1016 1643 modo
1040 1583 1270 1663 pessimis
1291 1585 1524 1663 impera·

325 1670 348 1704 ‘
379 1671 596 1732 toribus
640 1669 754 1731 fine
793 1670 901 1730 fine
943 1668 1408 1743 dominationem,
1443 1670 1526 1729 ita

327 1763 347 1790 ⁶
377 1760 632 1838 quamvis
643 1758 874 1839 egregiis
889 1754 1115 1833 modum
1126 1755 1392 1815 libertatis
1407 1755 1524 1836 pla·

329 1850 346 1877 ⁰
377 1846 542 1904 cere!
585 1847 716 1902 haec
743 1844 961 1920 magnis
984 1845 1260 1920 utrimque
1283 1854 1524 1901 conten-

326 1930 575 1990 tionibus
592 1930 820 2006 jassata‚
846 1926 1069 1988 diverfis
1085 1927 1271 1988 studiis
1288 1929 1521 2007 accipie-

324 2016 542 2078 bantur.
595 2016 731 2075 vicit
761 2034 884 2094 pars
924 2035 1066 2094 quae
1094 2011 1274 2073 sortiri
1309 2013 1523 2090 legatos

324 2104 582 2173 malebat,
613 2104 781 2163 etiam
802 2098 996 2162 mediis
1028 2115 1242 2181 patrum
1263 2102 1523 2159 anniten-

326 2193 477 2251 tibus
500 2192 730 2251 retinere
745 2208 975 2248 morem.
1007 2203 1063 2247 et
1074 2184 1521 2267 splendidiffimus

327 2280 421 2356 qui
429 2275 557 2356 sque
573 2275 764 2336 eodem
781 2276 1098 2349 inclinabat,
1115 2289 1261 2332 metu
1280 2272 1525 2332 invidiae

330 2363 371 2422 fi
395 2362 492 2442 ipfi
508 2366 856 2440 eligerentur.
900 2369 1158 2420 Secutum
1182 2356 1330 2420 aliud
1350 2375 1521 2419 certa-
1549 2374 1589 2434 9

288 2476 291 2479 ·
331 2469 482 2510 men.
515 2467 792 2529 praetores
809 2449 995 2506 aerarii
1012 2444 1169 2516 (nam
1187 2461 1303 2506 tum
1326 2463 1358 2501 a
1373 2465 1524 2522 prae·

332 2541 545 2603 toribus
568 2536 892 2599 afflabatur
906 2535 1198 2622 aerarium)
1219 2537 1238 2564 ‘
1254 2529 1528 2616 publicam
