1759 2992
392 115 515 179 266
654 128 748 171 nx
787 125 1318 172 oxa-roanos

380 212 640 295 poffideat
664 216 790 292 quis
819 229 960 293 quae
986 211 1231 292 profert,
1260 233 1331 273 an
1354 226 1553 273 mutue-

378 315 492 360 tur.
533 299 732 359 deinde
744 297 855 378 ipsa
870 299 1167 358 multarum
1184 302 1379 359 artium
1394 296 1556 360 scien-

376 387 456 445 tia
487 388 652 445 etiam
683 384 830 443 aliud
866 400 1092 462 agentes
1131 406 1239 444 nos
1267 401 1449 460 ornat,
1479 400 1558 445 at·

377 490 489 549 que
501 471 593 530 ubi
617 473 843 529 minime
857 469 1069 546 credas,
1090 473 1297 530 eminet
1315 487 1370 530 et
1385 472 1560 532 excel·

375 556 461 616 lit.
512 556 679 636 idque
696 571 814 613 non
841 554 1034 613 doetus
1049 556 1223 615 modo
1244 571 1301 614 et
1322 559 1563 636 p‘rudens

374 642 619 718 auditor,
641 640 729 701 sed
746 643 909 700 etiam
928 643 1162 720 populus
1180 641 1436 719 intelligit
1455 663 1473 702 ε
1502 664 1568 703 ae

376 726 555 790 statim
571 730 649 788 ita
661 722 822 788 laude
833 726 1193 807 prosequitur,
1216 743 1277 787 ut
1292 729 1312 760 ‘
1326 728 1576 805 legitime

377 821 398 849 ‘
423 813 695 889 studuisse,
708 831 772 875 ut
787 832 884 894 per
897 833 1093 874 omnes
1104 814 1447 894 eloquentiae
1461 834 1570 875 nn·

374 900 399 936 ‘
427 915 608 963 meros
623 901 734 977 ime,
763 917 826 961 ut
840 901 1079 981 denique
1093 914 1370 961 oratorem
1385 902 1570 961 etiam'

378 987 643 1062 fateatur3
674 1008 838 1066 quem
863 1005 982 1046 non
1010 985 1161 1067 poffe
1181 987 1333 1046 aliter
1356 985 1571 1046 exfiste·

374 1092 458 1144 re,
488 1093 592 1132 nec
605 1072 856 1131 exstitiise
872 1091 1131 1149 umquam
1148 1071 1438 1145 confirmo,
1465 1071 1574 1133 nifi

371 1177 496 1216 eum
511 1159 611 1233 qut
622 1171 900 1234 tamquam
917 1157 976 1212 in
999 1158 1166 1212 aciem
1189 1157 1450 1213 omnibus
1476 1176 1574 1216 ar·

369 1243 476 1301 mis
490 1239 805 1312 insti-uetus„
827 1238 899 1298 fic
916 1243 973 1297 in
989 1233 1175 1310 forum
1193 1239 1454 1299 omnibus
1474 1261 1579 1301 ar-

347 1325 518 1387 ·tibus
536 1339 773 1386 armatus
796 1327 1022 1398 exierit3
1054 1324 1208 1402 quod
1231 1322 1367 1383 adeo
1382 1328 1576 1406 negli-

348 1416 523 1492 ‘gitur
550 1415 616 1472 ab
638 1415 835 1473 horum
874 1426 1187 1492 temporum
1213 1409 1425 1471 disertis
1443 1454 1463 1487 ,
1508 1430 1576 1474 ut

372 1503 434 1560 in
465 1501 772 1559 astionibus
802 1515 997 1558 eorum
1023 1497 1117 1557 fex
1149 1517 1373 1576 quoque
1395 1502 1570 1557 cotti·

372 1586 528 1647 diani
551 1585 839 1660 sermonis,
876 1584 1036 1644 foeda
1059 1605 1122 1642 ac
1144 1584 1395 1664 pudenda
1425 1587 1571 1645 vitia

356 1671 873 1753 deprehendantur,
897 1686 959 1729 ut
981 1672 1241 1749 ignorent
1261 1670 1422 1746 lege&
1445 1687 1570 1729 non

368 1768 600 1816 teneant
620 1764 674 1816 S.
695 1762 762 1815 C.
785 1758 884 1833 ju's
915 1757 1157 1815 civitatis
1181 1754 1328 1814 ultro
1352 1755 1570 1815 deride·

350 1856 499 1903 ant:
524 1840 819 1917 sapientiae
835 1859 969 1899 vero
985 1838 1217 1900 studium
1234 1855 1290 1900 et
1307 1861 1574 1921 praecep-

352 1944 430 1988 ·ta
447 1928 799 2008 prudentium
831 1928 1050 2003 penitus
1073 1921 1436 1986 ¹reformident
1456 1947 1477 1986 ε
1506 1929 1571 1988 in

369 2011 711 2096 pauciffimos
735 2010 914 2071 sensus
933 2027 990 2071 et
1016 2010 1269 2089 angustas
1300 2008 1573 2072 sententi-

358 2110 430 2161 ἐς
451 2098 746 2160 detrudant
773 2095 1170 2177 eloquentiam,
1196 2097 1347 2157 velut
1363 2098 1573 2177 expul-

370 2185 483 2248 sam
507 2205 682 2265 regno
706 2183 837 2246 suo:
878 2198 942 2242 ut
973 2203 1114 2262 quae
1150 2182 1283 2243 olim
1305 2186 1576 2245 omnium

366 2275 570 2331 artium
609 2269 833 2330 domina
875 2268 1244 2350 pulcherrimo
1288 2269 1573 2329 comitatu

365 2361 582 2433 pectora
615 2357 878 2436 implebat
893 2398 914 2431 ‚
956 2374 1109 2416 nunc
1138 2354 1458 2415 circumcisa
1509 2372 1576 2415 et

338 2447 664 2520 ‘amputata,
702 2442 813 2503 fine
847 2455 1135 2522 apparatu,
1176 2439 1288 2504 fine
1319 2444 1577 2520 bonone,
