1759 2992
382 138 465 178 na
486 136 963 177 statianum·
996 136 1133 179 ιη.
1170 137 1262 179 xv.
1350 135 1439 199 55

247 216 424 276 nitate
447 214 641 289 officii,
676 214 766 274 vel
781 216 910 294 quia
928 217 1236 275 minoribus
1257 217 1438 294 major

244 300 560 361 aemulandi
582 322 744 361 cura:
785 301 1177 380 proconsulum
1205 300 1440 380 splendi-

246 386 487 459 diffimus
507 385 757 466 quisque,
787 385 1056 449 securitati
1081 390 1252 463 magis
1274 407 1441 465 quam

166 475 245 538 49
260 475 540 553 potentiae
565 471 945 533 consulebant.
1033 472 1137 532 Sed
1160 489 1274 533 tum
1305 473 1439 551 legi-

249 579 417 619 onem
443 562 507 618 in
519 559 707 620 Africa
723 563 942 634 regebat
957 560 1216 619 Valerius
1233 558 1441 637 Festus,

242 642 591 722 ‘sumptuosae
617 644 1031 719 adolescentiae,
1061 662 1239 724 neque
1260 645 1440 707 modi·

242 751 309 791 ca
323 734 552 810 cupiens
559 775 577 805 ‚
592 730 682 791 sed
698 731 967 792 affinitate
981 732 1194 791 Vitellii
1211 734 1437 793 anxius.

247 818 296 876 is
321 820 524 877 crebris
547 816 914 891 sermonibus,
962 819 1325 878 tentaveritne
1348 821 1441 881 Pi-

248 899 439 961 sonem
462 901 534 960 ad
560 922 648 960 res
673 921 876 974 novas,
929 922 1001 959 an
1034 906 1266 963 tentanti
1291 903 1441 964 resti·

249 989 404 1060 terit,
451 989 723 1045 incertum
743 1008 765 1058 3
808 988 1075 1063 quoniam
1114 985 1319 1046 secreto
1347 1008 1444 1048 eo-

248 1093 374 1132 rum
400 1092 568 1132 nemo
591 1069 771 1146 affuit,
798 1088 855 1131 et
871 1069 1054 1131 occiso
1079 1070 1270 1131 Pisone
1282 1074 1444 1153 pleri·

244 1179 355 1237 que
371 1158 439 1219 ad
457 1159 690 1236 gratiam
707 1157 1069 1218 interfeetoris
1081 1158 1439 1222 inclinaverea

241 1265 346 1306 nec
369 1247 687 1323 ambigitur,
729 1247 1077 1325 provinciam
1100 1261 1158 1307 et
1179 1247 1452 1324 militem„

240 1333 481 1393 alienato
496 1353 625 1410 erga
646 1330 1035 1410 Vespafianum
1057 1335 1242 1393 animo
1257 1332 1440 1410 fuiffe,

242 1433 302 1476 et
324 1417 545 1495 quidam
563 1440 594 1476 e
611 1418 929 1477 Vitellianis
950 1421 1081 1478 urbe
1096 1419 1334 1497 profugi,
1351 1417 1439 1481 os·

247 1505 537 1560 tentabant
561 1499 744 1559 Pisoni
768 1503 785 1532 ‘
810 1515 1062 1561 nutantes
1086 1504 1314 1578 Gallias,
1338 1525 1440 1583 pa-

248 1585 270 1618 ‘
297 1605 471 1645 ratam
496 1587 870 1657 Germaniam,
901 1589 1140 1665 pericula
1158 1588 1354 1667 'ipfiua,
1383 1603 1452 1650 et·

246 1671 267 1705 ‘
289 1673 351 1732 in
384 1691 519 1751 pace
546 1668 780 1749 suspeeta
804 1674 975 1731 tutius
1001 1673 1248 1733 bellum.’
1290 1678 1439 1736 inter

240 1778 385 1837 quae
424 1758 689 1817 Claudius
720 1760 945 1834 sagitta,
993 1758 1292 1837 praefectus
1319 1762 1436 1823 alae

240 1847 519 1917 Petrinae,
555 1841 803 1923 prospera
826 1848 1178 1925 navigatione
1203 1866 1433 1927 praeve·

240 1933 326 1990 nit
352 1933 624 2010 Papirium
649 1933 1050 2007 tentationem,
1090 1955 1140 1994 a*
1159 1939 1451 1997 Muciano-

240 2015 484 2078 miss'um:
505 2015 930 2097 affeveravitque
946 2022 965 2052 ‘
983 2022 1241 2081 mandata
1257 2024 1432 2082 inter·

244 2105 263 2135 ‘
293 2103 509 2164 ficiendi
543 2102 776 2178 Pisonis,
808 2108 1123 2164 centurioni
1149 2107 1297 2166 data.
1342 2126 1431 2164 ce·

245 2187 267 2221 ‘
292 2188 469 2249 cidisse
487 2191 861 2264 Galerianum,
889 2189 1283 2249 consobrinum
1309 2191 1431 2266 ejus

246 2274 267 2307 ⁴
288 2296 676 2356 generumque.
735 2280 900 2334 unani
933 2277 992 2334 in
1023 2273 1246 2334 audacia
1282 2274 1430 2357 spem

240 2360 260 2393 ‘
286 2362 492 2421 salutis.
536 2359 623 2420 sed
662 2361 772 2420 duo
806 2364 1001 2421 itinera
1038 2361 1289 2436 audendi,
1336 2362 1434 2424 seu

237 2449 257 2481 ‘
284 2448 474 2509 mallet
498 2446 676 2508 statim
698 2467 870 2592 araga,
900 2445 985 2506 seu
1007 2450 1175 2528 petita
1190 2451 1431 2512 navibus

877 2555 915 2613 4
