1759 2992
325 95 445 151 114
520 95 577 135 C·
613 93 1004 136 CORNELII
1044 95 1326 138 ‘raclrt

309 181 602 240 dianorum
636 196 971 259 temporum,
1017 197 1205 263 empto
1222 183 1346 259 jure
1370 202 1503 241 mu·-

309 266 522 339 niendi‚
565 266 801 325 struxere
831 287 1022 326 muros
1060 270 1118 327 in
1162 289 1316 347 pace,
1354 284 1499 327 tam-

309 373 475 433 quam
512 351 578 410 ad
617 353 816 413 bellum
828 367 850 411 't
901 373 1094 431 magna
1132 355 1392 428 colluvie,
1441 369 1516 412 et.

313 454 606 498 ceterarum
625 441 839 498 urbium
858 440 1010 498 clade
1028 444 1202 499 aufrit
1225 460 1352 499 narn
1376 458 1504 519 per·

303 524 659 585 vicaeiffimus
675 523 903 605 quisque
916 526 1044 584 illuc
1062 527 1389 606 perfugerat,
1402 546 1506 585 eo·

309 630 419 689 que
440 607 738 670 seditiosius
762 615 1015 687 agebant.
1064 628 1177 670 tnes
1196 613 1384 682 duces,
1412 630 1506 672 to-

307 696 477 756 tidem
515 699 802 756 exercitus.
871 711 1116 756 extrema
1154 712 1211 755 et
1248 696 1502 755 latissima

308 785 587 844 moenium
611 785 836 856 Sim0n;
869 784 1099 843 mediam
1122 784 1307 843 urbem
1325 790 1501 860 Joan-

308 890 432 947 neS,
446 889 612 950 quem
628 886 683 928 et
699 872 1011 948 Bargioram
1028 873 1331 943 vocabant3
1362 884 1506 927 tem-

311 956 464 1036 plum
486 957 778 1017 Eleazarus
794 956 1123 1018 firmaverat.
1148 956 1507 1016 multitudine

311 1059 367 1100 et
389 1045 554 1102 armis
581 1052 846 1119 Joannes,
870 1064 935 1103 ac
950 1046 1170 1113 Simon;
1204 1044 1505 1101 Eleazarus

307 1127 438 1186 loco
453 1129 716 1204 pollebat.
764 1126 848 1185 sed
864 1128 1091 1206 proelia,
1108 1128 1291 1199 dolus,
1307 1129 1503 1185 incen-

309 1212 397 1269 dia
421 1215 569 1270 inter
591 1209 756 1290 ipsos,
800 1227 856 1269 et
891 1230 1087 1289 magna
1126 1213 1212 1271 vis
1234 1211 1498 1270 frumenti

306 1295 567 1357 ambusta.
614 1316 750 1357 mox
767 1304 1042 1372 joannex,
1086 1296 1249 1356 missis
1271 1315 1367 1374 per
1385 1295 1500 1375 spe-

309 1384 449 1443 ciem
487 1380 841 1457 sacrificandi,
891 1386 993 1462 qui
1017 1384 1345 1442 Eleazarum
1386 1402 1503 1442 ma-

311 1487 553 1548 numque
576 1469 696 1546 ejus
713 1471 1139 1544 obtruncarent,
1174 1468 1386 1549 templo
1403 1488 1503 1546 po-

310 1557 490 1629 titum
534 1557 611 1613 ita
635 1558 695 1613 in
719 1556 854 1614 duas
879 1554 1148 1616 factiones
1179 1557 1373 1614 civitas
1393 1553 1504 1614 dis-

312 1643 479 1714 canit,
517 1641 696 1700 donec
718 1643 1221 1721 propinquantibus
1236 1642 1500 1699 Romanis

312 1727 516 1787 beilum
550 1742 839 1787 externum
878 1726 1233 1786 concordiam
1263 1740 1494 1805 pareret.

313 1819 627 1872 Evenerant
645 1814 916 1894 prodigia,
933 1832 1072 1892 quae
1090 1830 1266 1890 neque
1280 1810 1489 1884 hostiis,
1512 1830 1526 1871 ι
1544 1829 1573 1889 3

314 1918 495 1979 neque
518 1902 670 1958 votis
694 1901 841 1978 piare
862 1898 943 1956 fat
967 1901 1127 1957 habet
1154 1916 1291 1973 gens
1315 1895 1496 1975 super-

315 1985 525 2044 stitioni
560 1987 827 2058 obnoxia,
864 1985 1223 2061 religionibus
1256 1980 1495 2045 adversa.

313 2070 458 2130 visae
474 2090 570 2150 per
584 2071 795 2130 coelum
815 2091 1141 2130 concurrere
1163 2069 1329 2142 acies,
1368 2070 1501 2127 ruti-

313 2156 487 2215 lantia
511 2174 681 2227 arma,
718 2173 773 2215 et
798 2154 973 2215 subito
997 2158 1221 2215 nubium
1240 2156 1369 2231 igne
1392 2154 1501 2214 col-

314 2241 492 2299 lucere
514 2241 798 2320 templum.
843 2241 1089 2322 expaffae
1113 2256 1332 2320 repente
1353 2241 1497 2299 delu-

314 2326 402 2380 bri
419 2325 586 2399 sores,
622 2342 679 2383 et
698 2329 884 2387 audita
907 2328 1087 2404 major
1105 2331 1339 2386 humana
1364 2345 1494 2405 vox?

311 2405 333 2441 ‘
356 2407 756 2473 excederedeos
771 2417 808 2473 ε’
823 2412 978 2475 fimul
994 2417 1189 2497 ingens
1207 2428 1389 2475 motus
1405 2429 1497 2470 ex·
