1759 2992
379 143 1136 193 flxsroatakt’mma.
1172 148 1268 190 xv.
1354 144 1438 206 27

232 224 349 290 ‘bus
390 253 487 312 per
510 231 781 291 licentiam
803 229 1084 310 absumpta
1104 226 1254 306 sunt,
1297 250 1442 311 quae

242 317 501 397 adversus
541 317 873 379 neeeffitates
911 319 970 375 in
1001 318 1231 394 longum
1278 316 1441 377 suffe·

242 398 457 467 ciffem.
491 405 689 476 Civilis
715 403 956 465 medium
979 424 1174 482 agmen
1199 425 1322 464 cum
1347 424 1441 463 ro-

241 493 376 552 bore
422 501 753 553 Batavorum
793 494 1081 566 obtinente,
1151 505 1439 570 utramque

238 579 417 640 Rheni
448 583 644 659 ripam,
689 578 1186 658 'quo-truculentior
1217 576 1332 638 visu
1351 577 1445 647 fo-‚

237 680 346 739 ret,
371 669 771 727 Germanorum
799 668 1034 725 catervis
1057 663 1320 745 complet,
1356 662 1439 724 as-

232 752 477 837 suitante
490 772 588 832 per
603 773 827 834 campos
842 753 1046 832 equite.
1092 749 1246 812 fimul
1265 771 1437 813 naves

241 840 305 897 ἰὴ
325 838 607 898 adversum
626 859 843 898 amnem
860 840 1179 915 agebantur.
1194 840 1326 898 hinc
1342 858 1439 898 ve·

245 938 560 983 teranarum
598 925 910 982 cohortium
951 922 1124 999 figna,
1177 921 1308 981 inde
1345 923 1440 982 de·

192 1002 195 1003 ⁷
239 1026 534 1091 promptae
554 1008 704 1069 filvis
729 1006 968 1087 lucisque
993 1008 1227 1068 serarum
1248 1010 1440 1086 imagi·

232 1110 361 1173 nee,
392 1098 675 1176 uteuique
695 1097 851 1174 genti
876 1096 1015 1156 inire
1029 1096 1299 1176 proelium
1316 1116 1440 1155 mos

224 1184 334 1257 est,
387 1187 565 1247 mixta
597 1182 720 1244 beni
743 1184 922 1244 civilis
945 1186 1274 1262 externique
1297 1184 1437 1242 facie

230 1268 702 1352 obstupefecerant
738 1269 976 1331 obseffos
990 1293 1009 1343 ;
1056 1287 1111 1330 et
1151 1269 1296 1348 spem
1330 1285 1435 1346 op-

228 1362 607 1440 pugnantium
661 1361 894 1437 augebat
938 1357 1238 1457 amplitudo
1277 1359 1431 1432 valli,

237 1445 392 1524 quod
408 1442 938 1520 duabuslegionibus
958 1444 1137 1517 fitum,
1155 1447 1254 1503 vix
1269 1446 1433 1524 quin·

232 1542 347 1610 que
371 1530 542 1588 millia
565 1542 898 1588 armatorum
913 1536 1294 1589 Romanorum
1314 1545 1432 1589 tue·

234 1619 463 1677 bantur.
510 1613 598 1674 sed
620 1615 852 1675 lixarum
880 1614 1198 1689 multitudO,
1221 1618 1435 1676 turbata

231 1723 373 1784 pace
396 1702 527 1762 illuc
549 1719 904 1780 congregata,
947 1719 1003 1761 et
1026 1700 1168 1761 bello
1192 1703 1432 1764 ministra

144 1797 220 1866 '23
239 1789 450 1856 aderat.
489 1797 623 1851 Pars
647 1788 1009 1864 castrorum,
993 1792 1050 1848 1'n
1071 1789 1269 1849 collem
1291 1789 1429 1852 leni-

230 1892 317 1938 ter
329 1877 766 1957 affurgens,pars
778 1893 956 1956 aequo
971 1878 1245 1937 adibatur·
1230 1882 1426 1958 3quip-

228 1981 302 2046 pe
321 1964 431 2025 illis
457 1967 723 2039 hibernis,
739 1963 966 2025 obfideri
988 1968 1269 2045 premique
1288 1972 1429 2025 Ger-

233 2053 441 2113 maniae
467 2050 738 2130 Augustus
757 2052 1089 2112 crediderat.
1122 2073 1301 2131 neque
1321 2073 1425 2111 un·

233 2154 396 2217 quam
415 2140 474 2199 id
490 2140 778 2213 malorum,
804 2154 864 2198 ut
882 2153 1256 2219 oppugnatum
1277 2139 1426 2196 ultro

229 2221 480 2303 legiones
503 2226 710 2286 nostras
729 2228 1003 2285 venirent.
1052 2223 1181 2284 inde
1200 2245 1316 2282 non
1338 2222 1424 2282 lo*

226 2333 322 2386 co,
341 2332 520 2391 neque
532 2314 889 2373 munimentis
903 2308 1062 2370 labor
1075 2310 1314 2370 additum
1336 2312 1423 2370 vis

220 2414 280 2458 et
302 2398 454 2458 arma
479 2398 603 2459 satis
619 2400 927 2476 placebant.
974 2399 1186 2470 Batavi,
1216 2397 1422 2458 Trans-

221 2487 589 2567 rhenanique,
640 2505 755 2566 quo
787 2484 1019 2546 discreta
1040 2485 1215 2545 virtus
1244 2486 1420 2544 mani-

735 2578 798 2633 -B
863 2590 898 2633 2
