1759 2992
366 138 486 199 232
623 136 718 177 nn
756 135 1282 179 onam-onnus

354 219 678 300 provincias
716 215 1044 278 innotescat.
1115 213 1545 298 quotusquisque

351 324 479 363 cum
503 323 577 363 ex
609 300 868 383 Hispania
890 304 978 365 vel
1020 301 1172 371 Afia,
1205 323 1277 363 ne
1308 305 1442 383 quid
1473 306 1542 364 de

351 389 524 447 Gallis
543 387 741 448 nostris
755 388 1065 469 loquamur,
1083 392 1140 449 in
1160 391 1347 449 urbem
1367 391 1538 459 venia

349 476 588 552 Salejum
623 472 834 534 Baffum
859 476 1128 554 requirit?
1159 489 1323 554 atque
1338 475 1475 534 adeo
1502 474 1542 536 fi

350 563 478 639 quis
512 562 743 638 requirit
763 576 820 619 et
850 559 1009 620 semel
1046 560 1226 635 vidit,
1262 559 1455 619 transit
1486 577 1544 621 et

348 661 652 705 contentus
674 645 782 705 este
829 661 891 706 ut
928 646 966 706 fi
1004 649 1267 725 pieturam
1303 649 1545 726 aliquam

348 733 441 791 vel
463 731 686 791 statuam
711 731 947 793 vidiffet.
992 752 1174 811 neque
1197 735 1343 793 hunc
1359 753 1545 794 meum

350 817 655 878 sermonem
678 815 748 879 fic
770 820 945 899 accipi
968 819 1129 892 vole,
1158 833 1419 897 tanquam
1441 838 1543 879 eos

352 906 556 983 quibus
576 919 772 963 natura
806 903 898 964 sua
928 906 1231 965 oratorium
1261 906 1543 981 ingenium

351 990 680 1068 denegavit,
706 988 1005 1050 deterream
1029 1011 1060 1050 a
1087 993 1422 1050 carminibus
1441 1032 1460 1064 ,
1501 988 1546 1051 ss

348 1076 535 1135 modo·
554 1077 622 1134 in·
649 1080 751 1134 bac
782 1075 1076 1134 studiorum
1103 1092 1253 1153 parte
1270 1075 1546 1137 oblestare

349 1162 526 1220 otium
549 1176 604 1219 et
616 1180 821 1218 nomen
839 1159 1071 1217 inserere
1085 1158 1306 1237 possunt
1323 1160 1501 1219 famae
1512 1185 1538 1233 ς

347 1264 452 1321 ego
466 1263 605 1303 vero
617 1263 708 1302 om
716 1257 839 1301 nem
851 1243 1217 1323 eloquentiam
1231 1242 1545 1325 omnesque

343 1331 466 1408 ejus
494 1344 676 1409 partes
709 1327 884 1388 sacras
904 1343 960 1387 et
990 1330 1327 1389 venerabiles
1352 1346 1536 1410 puto-e

346 1437 449 1478 nee
472 1412 645 1476 solum
677 1417 1013 1476 cothurnum
1036 1414 1293 1491 vestrum,
1323 1431 1418 1475 aut
1440 1420 1540 1478 he·

346 1505 489 1564 roici
525 1503 784 1563 carminis
823 1498 1061 1576 sonum,
1106 1501 1195 1562 sed
1239 1502 1541 1582 lyricorum

347 1609 572 1669 quoque
585 1587 1015 1667 jucunditatem,
1050 1604 1104 1649 et
1132 1590 1405 1667 elegorum
1436 1588 1542 1649 las·

347 1677 540 1749 civius,
569 1690 626 1733 et
633 1676 949 1751 jamborum
965 1677 1404 1750 amaritudinem,
1425 1679 1542 1755 epi-

312 1771 317 1776 ”
344 1774 703 1837 grammatum
737 1756 904 1825 lusus,
933 1774 987 1818 et
1018 1780 1420 1840 quamcumque
1442 1760 1543 1821 ali-

346 1864 431 1904 am
463 1842 690 1923 speciem
712 1843 1031 1921 eloquentia
1056 1848 1276 1919 habeat,
1306 1861 1544 1926 antepo-

347 1928 583 1991 nendam
620 1930 813 1987 ceteris
849 1928 1081 1987 aliarum
1103 1932 1305 1989 artium
1343 1929 1559 1993 studiis·

347 2015 546 2088 credo;
577 2010 664 2073 sed
689 2029 866 2073 tecum
896 2015 1029 2074 mihi
1049 2021 1302 2075 Materne
1322 2036 1409 2075 res
1438 2017 1546 2094 est,

349 2100 500 2182 quod
518 2120 642 2161 eum
673 2114 871 2159 natura
895 2114 987 2159 tua
1002 2106 1063 2160 in
1083 2102 1254 2179 ipsam
1276 2122 1544 2164 arteme-

348 2188 660 2267 loquentiae
675 2185 831 2255 ferat,
850 2206 1030 2249 errare
1042 2190 1313 2262 mauis,et
1333 2186 1546 2252 summa

347 2273 603 2351 adeptus,
630 2274 687 2331 in
712 2271 1024 2332 levioribus.
1041 2272 1286 2338 subsistis.
1336 2289 1399 2332 ut
1420 2273 1545 2336 ssia

348 2361 573 2420 Graecia
599 2374 762 2416 natus
785 2356 919 2417 effes
936 2400 954 2428 ,
997 2362 1091 2418 ubi
1120 2359 1360 2420 ludicras
1392 2379 1545 2438 quo-

344 2460 454 2520 que
473 2444 606 2501 artis
629 2461 886 2505 exercere
900 2445 1188 2511 honestum
1216 2444 1311 2527 est,
1343 2465 1408 2508 ae
1434 2445 1544 2507 tibi
