1759 2992
609 152 1057 197 nitrosus.
1295 137 1418 217 §37

240 236 372 296 lium
394 252 682 295 veneratus
705 235 800 309 est,
828 235 903 296 fic
924 234 1071 315 quafi
1096 234 1420 315 Augustum.

241 342 315 382 ne
344 321 540 381 nostris
576 324 796 401 quidem
827 325 1183 401 temporibus,
1219 331 1421 383 Secun-

240 408 342 466 dus
359 410 699 487 Pomponius
725 408 862 466 Afro
885 410 1161 480 Domitio,
1189 410 1277 469 vel
1299 407 1420 486 dig-

241 493 411 552 nitate
426 495 592 568 vitae,
612 493 706 552 vel
729 498 1091 575 perpetuitate
1111 493 1289 554 famae
1308 493 1421 554 nefi-

240 577 383 637 serit.
409 599 532 638 nam
550 579 770 660 Crispus
785 597 840 640 et
858 581 1167 651 Marcellus,
1191 581 1261 641 ad
1280 600 1421 661 quo·

237 684 357 724 rum
379 666 629 745 exempla
651 686 739 725 me
757 688 948 741 vocas,
978 666 1110 745 quid
1135 670 1331 727 habent
1355 668 1420 727 in

236 753 338 811 hac
354 750 616 832 praesenti
634 751 856 811 fortuna
878 751 1374 832 concupiscendum
1391 755 1417 813 ἓ

236 857 308 896 an
345 838 492 915 quod
533 840 764 896 timent?
810 858 878 896 an
917 838 1069 917 quod
1110 840 1418 898 timentur?

236 921 387 1001 quod
415 942 540 980 cum
561 922 789 981 cottidie
816 922 1023 1002 aliquid
1046 940 1332 1000 rogentur,
1360 925 1423 984 hi

236 1008 433 1085 quibus
457 1005 725 1085 praestant
743 1008 1140 1085 indignantur?
1170 1008 1321 1088 quod
1340 1010 1422 1068 al-

235 1092 389 1169 ligati
408 1113 531 1151 cum
547 1090 878 1167 adulatione,
905 1114 1007 1153 nee
1023 1096 1417 1174 imperantibus

233 1198 489 1258 umquam
509 1176 634 1238 satis
656 1176 797 1239 servi
817 1180 1096 1250 videntur,
1126 1200 1227 1241 nec
1250 1181 1418 1241 nobis

230 1262 357 1324 satis
391 1265 586 1325 liberi?
632 1285 774 1344 quae
811 1269 943 1327 haee
981 1266 1184 1328 summa
1220 1288 1420 1329 eorum

229 1353 478 1429 potentia
491 1349 602 1410 est?
631 1367 844 1412 tantum
862 1352 1007 1434 poffe
1023 1355 1202 1413 liberti
1217 1354 1413 1415 solent.

229 1454 318 1493 me
335 1455 466 1494 vero
480 1436 688 1507 dulces,
718 1453 778 1496 ut
795 1440 1063 1514 Virgilius
1092 1442 1187 1507 ait,
1210 1438 1411 1509 musae,

231 1536 505 1579 remotum
525 1541 558 1578 a
578 1520 1057 1592 sollicitudinibu2‚
1087 1537 1141 1581 et
1156 1527 1328 1597 curia,
1355 1538 1414 1584 et

228 1604 533 1665 necestitate
563 1606 792 1665 cottidie
822 1608 1028 1685 aliquid
1062 1624 1260 1667 contra
1296 1612 1413 1668 ani·

222 1711 376 1754 mum
392 1690 649 1765 faciendi,
678 1693 735 1750 in
757 1691 849 1751 illa
864 1690 1010 1751 sacra
1035 1693 1264 1772 illosque
1285 1694 1410 1758 fon·

223 1792 309 1836 tes
340 1776 553 1837 fer-ante
600 1799 702 1838 nee
724 1777 973 1839 insanum
996 1780 1136 1838 ultra
1161 1796 1214 1839 et
1238 1782 1410 1841 lubri-

220 1884 350 1923 cum
380 1864 562 1924 forum
586 1863 895 1943 famamque
924 1866 1212 1945 pallentem
1243 1870 1411 1948 trepi-

216 1946 322 2009 dus
347 1952 625 2031 experiat-3
660 1973 773 2011 non
796 1973 881 2011 me
905 1952 1149 2013 fremitus
1169 1951 1409 2013 salutan-

216 2036 356 2094 tium
375 2078 395 2110 ‚
455 2057 556 2097 nec
597 2038 854 2097 anhelans
898 2040 1123 2099 libertus
1162 2041 1367 2099 excitet
1385 2060 1405 2098 τ

219 2139 328 2177 nec
364 2123 609 2181 incertus
644 2121 849 2196 futuri,
890 2122 1265 2182 testamentum
1299 2143 1406 2202 pro

217 2205 452 2281 pignore
498 2206 721 2265 scribam
746 2228 762 2266 a
816 2228 919 2266 nec
965 2209 1088 2286 plus
1143 2210 1363 2266 habeam
1384 2249 1407 2282 ,

217 2307 384 2366 quam
408 2288 559 2369 quod
575 2292 760 2371 poffim
778 2293 864 2349 cui
882 2294 1044 2351 velim
1066 2294 1405 2372 relinquere,
1457 2315 1462 2324 ¹

214 2374 683 2460 quandocumque
703 2377 882 2437 fatalis
916 2394 972 2436 et
999 2398 1151 2439 meus
1169 2378 1286 2438 dies
1307 2400 1404 2439 ve-

216 2463 371 2539 niet3
404 2459 709 2549 statuarque
732 2464 946 2527 tumulo
961 2485 1080 2529 non
1099 2462 1328 2528 moestus
1345 2480 1402 2526 et
