1759 2992
25 513 80 647 t*
25 425 40 500 ,w

624 170 1056 216 onerosus.
1320 167 1437 225 27⁷

263 269 623 335 patronorum
665 252 975 313 finiebatur.
1034 250 1244 330 primus
1280 251 1446 309 tertio

264 337 546 399 consulatu
567 344 675 399 Cn.
691 339 982 417 Pompejus
999 335 1249 397 astrinxit
1269 337 1447 414 impo-

263 423 482 503 suitque
519 426 688 486 veluti
728 423 917 484 frenos
956 423 1326 500 eloquentiae,
1371 424 1448 480 ita

267 525 449 570 tamen
475 525 536 571 ut
552 512 738 572 omnia
760 513 818 570 in
840 510 967 570 foro
992 512 1048 568 in
1069 510 1302 585 legibus,
1323 527 1445 565 om-

265 598 357 655 nia
395 597 538 675 apud
579 613 857 677 praetores
902 611 1254 674 gererentur:
1299 591 1445 673 apud

262 701 406 761 quos
428 699 642 760 quanto
672 684 881 760 majora
904 682 1126 758 negotia
1138 680 1270 739 olim
1288 699 1446 738 exer-

261 773 370 827 ceri
395 765 550 830 solita
572 768 721 844 sunt,
763 768 919 847 quod
951 768 1130 840 majus
1162 785 1447 842 argumen-

263 868 384 912 tum
419 853 513 922 est,
538 874 706 932 quam
730 852 885 931 quod
905 850 1109 911 caussae
1143 852 1448 910 centumvi-

265 938 404 996 rales
439 959 578 1017 quae
611 958 760 997 nunc
798 940 1035 1016 primum
1073 937 1333 995 obtinent
1363 934 1447 994 lo·

267 1043 395 1082 cum
414 1067 431 1095 ,
469 1022 609 1082 adeo
631 1022 915 1102 splendore
949 1022 1179 1081 aliorum
1206 1019 1450 1098 judicio·

268 1128 392 1167 rum
420 1111 813 1182 obruebantur,
844 1123 906 1167 ut
937 1127 1115 1186 neque
1143 1109 1447 1177 Ciceronis,

265 1215 449 1274 neque
486 1195 766 1269 Caesaris,
810 1216 991 1275 neque
1026 1195 1218 1270 Bruti,
1260 1214 1444 1273 neque

267 1281 465 1353 Coelii,
489 1302 667 1360 neque
683 1283 859 1351 Calvi,
881 1302 999 1341 non
1022 1281 1261 1360 denique
1280 1281 1447 1341 ullius

266 1371 450 1442 magni
477 1370 711 1426 oratoris
740 1369 877 1428 liber
901 1367 1045 1447 apud
1070 1369 1449 1426 centumviros

269 1451 446 1510 didius
463 1453 690 1526 legatur,
714 1456 956 1530 exceptis
975 1453 1315 1511 orationibus
1332 1450 1450 1510 Afi-

273 1538 377 1609 nii,
401 1553 540 1613 quae
566 1537 583 1567 ‘
603 1557 703 1615 pro
719 1538 1038 1596 haeredibus
1054 1538 1340 1595 Urbiniae’
1363 1537 1450 1595 in·

271 1619 605 1696 scribuntur,
632 1620 841 1699 abipso
862 1637 1043 1680 tamen
1071 1620 1319 1681 Pollione
1338 1643 1453 1681 me·

273 1706 378 1766 diis
406 1708 523 1767 divi
563 1708 790 1785 Augusti
829 1709 1163 1787 temporibus
1201 1708 1416 1768 habitae
1429 1739 1464 1785 ,·

270 1793 554 1874 postquam
593 1795 762 1874 longa
803 1810 1113 1872 temporum
1161 1797 1352 1875 quies,
1394 1813 1453 1855 et

270 1885 591 1941 continuum
616 1884 804 1961 populi
832 1884 1031 1956 otium,
1066 1897 1121 1941 et
1150 1881 1344 1943 affidua
1374 1882 1453 1941 se-

272 1983 434 2026 natus
457 1969 846 2047 tranquillitas,
873 1984 929 2027 et
943 1971 1163 2028 maximi
1184 1971 1448 2049 principis

271 2053 575 2131 disciplina,
616 2056 782 2131 ipsam
816 2074 1039 2133 quoque
1072 2054 1452 2131 eloquentiam

194 2137 415 2218 39ficut
451 2140 639 2196 omnia
671 2139 773 2198 alia
806 2139 1127 2212 pacaverat?
1220 2144 1451 2196 Parvum

273 2238 329 2280 et
343 2223 629 2281 ridiculum
642 2221 860 2281 fortaffe
874 2223 1090 2282 videtur
1110 2220 1263 2300 quod
1278 2222 1454 2282 dictu-

276 2327 371 2366 rus
395 2305 529 2375 sum,
554 2306 728 2367 dicam
753 2323 932 2366 tamen
953 2308 1038 2365 vel
1054 2307 1180 2366 ideo
1199 2322 1259 2365 ut
1282 2308 1452 2370 ridea-

277 2409 388 2453 tur.
435 2407 701 2471 quantum
718 2393 1046 2452 humilitatis
1060 2407 1311 2472 putamus
1335 2396 1451 2454 elo-

278 2481 533 2563 quentiae
548 2478 774 2543 attuliss‘e
798 2478 1058 2563 paenulas
1076 2478 1221 2559 istas,
1251 2484 1455 2563 quibus
