1759 2992
398 182 611 234 sut-11
652 184 1178 228 aenimvrre..
1275 183 1394 241 175

210 266 357 326 enim
382 263 685 343 jurisdictio
719 268 1042 329 obvenerat.
1102 265 1265 328 ludos
1278 309 1299 342 ,
1334 280 1395 325 et

209 352 395 414 inania
416 352 671 425 honoria,
695 352 863 413 modo
888 353 1120 413 rationis
1143 369 1309 433 atque
1332 372 1392 410 a·

192 437 543 496 ,bundantiae
571 436 765 511 duxit,
794 441 876 498 uti
907 440 1073 516 longe
1096 460 1128 498 a
1155 438 1397 512 luxuria,

206 523 284 581 ita
303 519 475 582 famae
496 527 743 601 propior.
798 540 916 584 tum
944 525 1140 584 electus
1163 546 1195 585 a
1219 523 1396 590 Galba

205 606 275 666 ad
299 608 449 668 dona
470 610 798 688 templorum
820 608 1282 687 recognoscenda,
1311 610 1401 668 di-

202 691 538 770 ligentissima
555 696 957 775 conquisitione
971 696 1117 770 fecit,
1144 717 1214 755 ne
1231 696 1391 773 cnjus

201 780 426 839 alterius
443 779 775 858 sacrilegium
794 780 1089 859 respublica
1101 803 1265 860 quam
1277 786 1394 841 Ne-

165 868 363 941 7ronis
386 863 637 924 senfiffet.
748 873 992 945 Sequens
1020 886 1198 926 annus
1228 866 1388 942 gravi

202 949 428 1008 vulnere
440 952 680 1007 animum
690 948 1030 1028 domumque
1041 951 1159 1025 ejus
1172 950 1400 1021 afflixin,

203 1055 333 1093 nam
351 1032 519 1093 classis
536 1033 1095 1095 Othonianalicenter
1111 1055 1244 1111 vaga
1256 1034 1390 1096 dum

199 1121 260 1180 in
282 1119 491 1197 templo
515 1118 814 1197 (Liguriae
834 1140 959 1199 pars
982 1120 1098 1199 cst)
1122 1119 1389 1180 hostiliter

198 1208 513 1285 populatur,
529 1222 753 1266 matrem
772 1206 1062 1283 Agricolae
1077 1211 1135 1267 in
1151 1206 1391 1286 praediis

195 1291 305 1351 suis
330 1290 639 1353 interfecitz
672 1294 994 1373 praediaque
1016 1293 1128 1372 ipsa
1148 1310 1204 1355 et
1232 1314 1394 1372 mag-m

198 1397 328 1436 nam
360 1379 677 1452 patrimonii
712 1394 921 1454 partem
944 1379 1205 1458 diripuit,
1242 1398 1387 1458 quae

197 1459 373 1520 cauffa
393 1463 566 1520 caedis
590 1462 783 1521 suerat.
843 1465 1012 1540 igitur
1033 1464 1100 1521 ad
1125 1462 1397 1529 solemnia.

197 1548 422 1625 pietatis
453 1544 724 1624 profectus
758 1547 1015 1623 Agricola
1033 1590 1052 1620 ,
1082 1552 1284 1609 nuntio
1308 1546 1406 1606 as·.

196 1629 378 1690 sectati
409 1650 443 1689 a
478 1630 806 1709 Vespafiano
842 1634 1056 1711 imperii
1089 1631 1390 1710 deprehen·

197 1714 311 1789 sus,
335 1736 400 1776 ac
423 1714 599 1776 statim
622 1719 682 1775 in
709 1733 890 1796 partes
914 1715 1265 1795 transgress'us
1287 1716 1386 1780 cst.

198 1803 360 1861 initia
383 1805 722 1882 principatus
748 1822 811 1861 ac
834 1802 1008 1863 statim
1029 1805 1176 1863 urbis
1206 1806 1388 1866 Muci·

196 1907 338 1946 anus
354 1891 595 1964 regebat,
614 1888 1129 1967 admodumjuvene
1142 1892 1406 1952 Domiti--

197 1991 332 2040 ano,
347 1987 402 2031 et
414 1993 485 2032 ex
502 1991 720 2052 paterna
734 1975 959 2035 fortuna
974 1992 1188 2036 tanturn
1206 1978 1381 2038 licen-

199 2059 331 2115 tiam
362 2057 672 2137 usurpante.
730 2063 777 2118 is
803 2060 1022 2122 missum
1047 2062 1116 2120 ad
1141 2062 1399 2122 delectus.

199 2140 443 2217 agendos
461 2144 802 2218 Agricolam,
824 2148 1142 2222 integreque
1159 2167 1224 2206 ac
1254 2146 1400 2212 stre-.-

203 2245 316 2285 nue
341 2225 610 2285 versatum
629 2269 649 2300 ,
685 2228 964 2308 vicefimae
992 2230 1195 2305 legioni
1229 2231 1406 2296 tarde.-

203 2310 272 2371 ad
291 2308 674 2370 sacramentum
691 2311 1035 2389 transgressae
1049 2313 1404 2395 praeposuit„

202 2398 294 2462 ubi
316 2394 557 2456 deeeffor
583 2394 827 2458 seditiose
843 2419 1001 2477 agere
1021 2404 1342 2469 narrabatur
1358 2424 1400 2470 a

204 2484 413 2565 quippe
430 2482 625 2562 legatis
652 2502 876 2566 quoque
902 2483 1273 2556 consolaribus
1295 2489 1397 2556 ni·-
