<?xml version="1.0" encoding="UTF-8"?>
<!DOCTYPE html PUBLIC "-//W3C//DTD XHTML 1.0 Transitional//EN"
    "http://www.w3.org/TR/xhtml1/DTD/xhtml1-transitional.dtd">
<html xmlns="http://www.w3.org/1999/xhtml" xml:lang="en" lang="en">
 <head>
  <title>
</title>
<meta http-equiv="Content-Type" content="text/html;charset=utf-8" />
  <meta name='ocr-system' content='tesseract 3.04.00' />
  <meta name='ocr-capabilities' content='ocr_page ocr_carea ocr_par ocr_line ocrx_word'/>
</head>
<body>
  <div class='ocr_page' id='page_1' title='image "./ccorneliitaciti05grongoog_0119.png"; bbox 0 0 1759 2992; ppageno 0'>
   <div class='ocr_carea' id='block_1_1' title="bbox 369 153 1407 215">
    <p class='ocr_par' dir='ltr' id='par_1_1' title="bbox 369 153 1407 215">
     <span class='ocr_line' id='line_1_1' title="bbox 369 153 1407 215; baseline -0.002 -17"><span class='ocrx_word' id='word_1_1' title='bbox 369 155 940 198; x_wconf 66' lang='lat' dir='ltr'>ntsTotxARUM</span> <span class='ocrx_word' id='word_1_2' title='bbox 979 154 1107 194; x_wconf 67' lang='lat'>218.</span> <span class='ocrx_word' id='word_1_3' title='bbox 1143 157 1204 195; x_wconf 81' lang='lat' dir='ltr'>V·</span> <span class='ocrx_word' id='word_1_4' title='bbox 1292 153 1407 215; x_wconf 75' lang='lat'>103</span> 
     </span>
    </p>
   </div>
   <div class='ocr_carea' id='block_1_2' title="bbox 186 236 1522 1351">
    <p class='ocr_par' dir='ltr' id='par_1_2' title="bbox 225 236 1466 751">
     <span class='ocr_line' id='line_1_2' title="bbox 226 236 1413 316; baseline -0.003 -19"><span class='ocrx_word' id='word_1_5' title='bbox 226 238 450 316; x_wconf 73' lang='lat' dir='ltr'>judaeis</span> <span class='ocrx_word' id='word_1_6' title='bbox 475 240 712 297; x_wconf 78' lang='lat' dir='ltr'><strong>Arabum</strong></span> <span class='ocrx_word' id='word_1_7' title='bbox 728 257 945 296; x_wconf 82' lang='lat' dir='ltr'>manus.</span> <span class='ocrx_word' id='word_1_8' title='bbox 969 236 1146 309; x_wconf 86' lang='lat' dir='ltr'>multi,</span> <span class='ocrx_word' id='word_1_9' title='bbox 1164 256 1305 316; x_wconf 81' lang='lat' dir='ltr'>quos</span> <span class='ocrx_word' id='word_1_10' title='bbox 1322 257 1413 295; x_wconf 85' lang='lat' dir='ltr'>ur-</span> 
     </span>
     <span class='ocr_line' id='line_1_3' title="bbox 227 321 1413 403; baseline -0.002 -19"><span class='ocrx_word' id='word_1_11' title='bbox 227 328 296 384; x_wconf 89' lang='lat' dir='ltr'>be</span> <span class='ocrx_word' id='word_1_12' title='bbox 313 341 479 403; x_wconf 87' lang='lat' dir='ltr'>atque</span> <span class='ocrx_word' id='word_1_13' title='bbox 496 325 653 384; x_wconf 82' lang='lat' dir='ltr'>Italia</span> <span class='ocrx_word' id='word_1_14' title='bbox 670 323 761 382; x_wconf 87' lang='lat' dir='ltr'>sua</span> <span class='ocrx_word' id='word_1_15' title='bbox 781 344 1051 403; x_wconf 87' lang='lat' dir='ltr'><strong>quemque</strong></span> <span class='ocrx_word' id='word_1_16' title='bbox 1068 321 1187 403; x_wconf 79' lang='lat' dir='ltr'>spes</span> <span class='ocrx_word' id='word_1_17' title='bbox 1203 324 1413 382; x_wconf 83' lang='lat' dir='ltr'>accive-</span> 
     </span>
     <span class='ocr_line' id='line_1_4' title="bbox 229 411 1466 493; baseline -0.005 -22"><span class='ocrx_word' id='word_1_18' title='bbox 229 426 338 479; x_wconf 75' lang='lat' dir='ltr'>rat,</span> <span class='ocrx_word' id='word_1_19' title='bbox 390 412 695 493; x_wconf 81' lang='lat' dir='ltr'>occupandi</span> <span class='ocrx_word' id='word_1_20' title='bbox 727 413 1035 490; x_wconf 79' lang='lat' dir='ltr'>Principem</span> <span class='ocrx_word' id='word_1_21' title='bbox 1052 411 1223 469; x_wconf 86' lang='lat' dir='ltr'><strong>adhuc</strong></span> <span class='ocrx_word' id='word_1_22' title='bbox 1249 430 1415 468; x_wconf 87' lang='lat' dir='ltr'><strong>vacu-</strong></span> <span class='ocrx_word' id='word_1_23' title='bbox 1459 456 1466 463; x_wconf 88' lang='lat'><strong>.</strong></span> 
     </span>
     <span class='ocr_line' id='line_1_5' title="bbox 228 494 1416 576; baseline -0.001 -21"><span class='ocrx_word' id='word_1_24' title='bbox 228 517 346 556; x_wconf 85' lang='lat' dir='ltr'>um.</span> <span class='ocrx_word' id='word_1_25' title='bbox 373 499 458 555; x_wconf 85' lang='lat' dir='ltr'>his</span> <span class='ocrx_word' id='word_1_26' title='bbox 474 519 596 557; x_wconf 89' lang='lat' dir='ltr'>cum</span> <span class='ocrx_word' id='word_1_27' title='bbox 613 499 790 576; x_wconf 83' lang='lat' dir='ltr'>copiis</span> <span class='ocrx_word' id='word_1_28' title='bbox 809 497 946 557; x_wconf 87' lang='lat' dir='ltr'>fines</span> <span class='ocrx_word' id='word_1_29' title='bbox 962 498 1194 557; x_wconf 84' lang='lat' dir='ltr'>hostium</span> <span class='ocrx_word' id='word_1_30' title='bbox 1211 494 1416 573; x_wconf 83' lang='lat' dir='ltr'>ingres·</span> 
     </span>
     <span class='ocr_line' id='line_1_6' title="bbox 228 581 1414 664; baseline -0.002 -22"><span class='ocrx_word' id='word_1_31' title='bbox 228 581 342 658; x_wconf 85' lang='lat' dir='ltr'>sus,</span> <span class='ocrx_word' id='word_1_32' title='bbox 382 584 685 664; x_wconf 75' lang='lat' dir='ltr'>composito</span> <span class='ocrx_word' id='word_1_33' title='bbox 717 588 956 662; x_wconf 85' lang='lat' dir='ltr'>agmine,</span> <span class='ocrx_word' id='word_1_34' title='bbox 1002 589 1197 643; x_wconf 62' lang='lat' dir='ltr'>cuneta</span> <span class='ocrx_word' id='word_1_35' title='bbox 1218 582 1414 663; x_wconf 88' lang='lat' dir='ltr'>explo-</span> 
     </span>
     <span class='ocr_line' id='line_1_7' title="bbox 225 666 1412 751; baseline 0 -23"><span class='ocrx_word' id='word_1_36' title='bbox 225 689 377 743; x_wconf 83' lang='lat' dir='ltr'>rans,</span> <span class='ocrx_word' id='word_1_37' title='bbox 413 669 737 751; x_wconf 87' lang='lat' dir='ltr'>paratusque</span> <span class='ocrx_word' id='word_1_38' title='bbox 764 666 1075 745; x_wconf 79' lang='lat' dir='ltr'>decernere,</span> <span class='ocrx_word' id='word_1_39' title='bbox 1116 669 1260 729; x_wconf 86' lang='lat' dir='ltr'>haud</span> <span class='ocrx_word' id='word_1_40' title='bbox 1283 689 1412 749; x_wconf 87' lang='lat' dir='ltr'>pro-</span> 
     </span>
    </p>

    <p class='ocr_par' dir='ltr' id='par_1_3' title="bbox 186 748 1522 1351">
     <span class='ocr_line' id='line_1_8' title="bbox 186 748 1522 836; baseline -0.004 -18"><span class='ocrx_word' id='word_1_41' title='bbox 186 775 219 818; x_wconf 87' lang='lat'><em>2</em></span> <span class='ocrx_word' id='word_1_42' title='bbox 234 757 318 816; x_wconf 78' lang='lat' dir='ltr'>cul</span> <span class='ocrx_word' id='word_1_43' title='bbox 335 757 756 836; x_wconf 81' lang='lat' dir='ltr'>Hierosolymis,</span> <span class='ocrx_word' id='word_1_44' title='bbox 774 757 944 817; x_wconf 83' lang='lat' dir='ltr'>eastra</span> <span class='ocrx_word' id='word_1_45' title='bbox 960 757 1109 817; x_wconf 85' lang='lat' dir='ltr'>facit.</span> <span class='ocrx_word' id='word_1_46' title='bbox 1168 756 1269 815; x_wconf 84' lang='lat' dir='ltr'>Sed</span> <span class='ocrx_word' id='word_1_47' title='bbox 1285 758 1415 834; x_wconf 90' lang='lat' dir='ltr'>quia</span> <span class='ocrx_word' id='word_1_48' title='bbox 1511 748 1522 757; x_wconf 75' lang='grc'><strong><em>’</em></strong></span> 
     </span>
     <span class='ocr_line' id='line_1_9' title="bbox 223 841 1415 920; baseline -0.003 -18"><span class='ocrx_word' id='word_1_49' title='bbox 223 843 459 902; x_wconf 83' lang='lat' dir='ltr'>famosae</span> <span class='ocrx_word' id='word_1_50' title='bbox 492 846 644 902; x_wconf 83' lang='lat' dir='ltr'>urbis</span> <span class='ocrx_word' id='word_1_51' title='bbox 683 842 991 920; x_wconf 85' lang='lat' dir='ltr'>supremum</span> <span class='ocrx_word' id='word_1_52' title='bbox 1020 843 1166 901; x_wconf 85' lang='lat' dir='ltr'>diem</span> <span class='ocrx_word' id='word_1_53' title='bbox 1187 841 1415 899; x_wconf 86' lang='lat' dir='ltr'>traditu-</span> 
     </span>
     <span class='ocr_line' id='line_1_10' title="bbox 227 925 1420 1003; baseline -0.002 -17"><span class='ocrx_word' id='word_1_54' title='bbox 227 931 278 986; x_wconf 83' lang='lat' dir='ltr'>ri</span> <span class='ocrx_word' id='word_1_55' title='bbox 295 925 506 1000; x_wconf 76' lang='lat' dir='ltr'>sumus,</span> <span class='ocrx_word' id='word_1_56' title='bbox 545 947 857 1003; x_wconf 80' lang='lat' dir='ltr'>congruens</span> <span class='ocrx_word' id='word_1_57' title='bbox 879 927 1100 985; x_wconf 83' lang='lat' dir='ltr'>videtur</span> <span class='ocrx_word' id='word_1_58' title='bbox 1119 926 1420 1003; x_wconf 86' lang='lat' dir='ltr'>primordia</span> 
     </span>
     <span class='ocr_line' id='line_1_11' title="bbox 229 1008 1419 1176; baseline -0.008 -20"><span class='ocrx_word' id='word_1_59' title='bbox 229 1008 1419 1176; x_wconf 42' lang='lat' dir='ltr'>5³32&amp;‘xgssidzifflzffa‘jzsssssfflffiffzssz</span> 
     </span>
     <span class='ocr_line' id='line_1_12' title="bbox 229 1183 1416 1264; baseline 0 -21"><span class='ocrx_word' id='word_1_60' title='bbox 229 1189 250 1216; x_wconf 87' lang='lat'>‘</span> <span class='ocrx_word' id='word_1_61' title='bbox 275 1200 517 1257; x_wconf 88' lang='lat' dir='ltr'>morant,</span> <span class='ocrx_word' id='word_1_62' title='bbox 528 1204 636 1264; x_wconf 88' lang='lat' dir='ltr'>qua</span> <span class='ocrx_word' id='word_1_63' title='bbox 646 1183 955 1263; x_wconf 80' lang='lat' dir='ltr'>tempestate</span> <span class='ocrx_word' id='word_1_64' title='bbox 966 1191 1229 1245; x_wconf 86' lang='lat' dir='ltr'>Saturnus</span> <span class='ocrx_word' id='word_1_65' title='bbox 1244 1186 1301 1244; x_wconf 87' lang='lat' dir='ltr'>vi</span> <span class='ocrx_word' id='word_1_66' title='bbox 1315 1193 1416 1262; x_wconf 89' lang='lat' dir='ltr'>Jo-</span> 
     </span>
     <span class='ocr_line' id='line_1_13' title="bbox 227 1268 1425 1351; baseline 0.002 -21"><span class='ocrx_word' id='word_1_67' title='bbox 227 1271 249 1303; x_wconf 88' lang='lat'>‘</span> <span class='ocrx_word' id='word_1_68' title='bbox 273 1273 361 1330; x_wconf 76' lang='lat' dir='ltr'>vis</span> <span class='ocrx_word' id='word_1_69' title='bbox 379 1268 561 1350; x_wconf 86' lang='lat' dir='ltr'><strong>pulsus</strong></span> <span class='ocrx_word' id='word_1_70' title='bbox 577 1270 783 1332; x_wconf 81' lang='lat' dir='ltr'>cefferit</span> <span class='ocrx_word' id='word_1_71' title='bbox 795 1275 1024 1351; x_wconf 60' lang='lat' dir='ltr'>regnis!</span> <span class='ocrx_word' id='word_1_72' title='bbox 1037 1289 1425 1350; x_wconf 79' lang='lat' dir='ltr'><strong>argumentum</strong></span> 
     </span>
    </p>
   </div>
   <div class='ocr_carea' id='block_1_3' title="bbox 102 1359 1418 1438">
    <p class='ocr_par' dir='ltr' id='par_1_4' title="bbox 102 1359 1418 1438">
     <span class='ocr_line' id='line_1_14' title="bbox 102 1359 1418 1438; baseline 0.005 -25"><span class='ocrx_word' id='word_1_73' title='bbox 102 1370 117 1375; x_wconf 86' lang='grc'><em>”</em></span> <span class='ocrx_word' id='word_1_74' title='bbox 228 1377 262 1413; x_wconf 90' lang='lat' dir='ltr'>e</span> <span class='ocrx_word' id='word_1_75' title='bbox 290 1359 516 1416; x_wconf 86' lang='lat' dir='ltr'>nomine</span> <span class='ocrx_word' id='word_1_76' title='bbox 538 1360 794 1436; x_wconf 74' lang='lat' dir='ltr'>petiturz&#39;</span> <span class='ocrx_word' id='word_1_77' title='bbox 841 1366 858 1392; x_wconf 91' lang='lat'>‘</span> <span class='ocrx_word' id='word_1_78' title='bbox 877 1360 1147 1438; x_wconf 82' lang='lat' dir='ltr'>inclytum</span> <span class='ocrx_word' id='word_1_79' title='bbox 1169 1361 1231 1420; x_wconf 87' lang='lat' dir='ltr'>in</span> <span class='ocrx_word' id='word_1_80' title='bbox 1251 1365 1418 1420; x_wconf 84' lang='lat' dir='ltr'>Creta</span> 
     </span>
    </p>
   </div>
   <div class='ocr_carea' id='block_1_4' title="bbox 200 1440 1430 2554">
    <p class='ocr_par' dir='ltr' id='par_1_5' title="bbox 200 1440 1430 2554">
     <span class='ocr_line' id='line_1_15' title="bbox 230 1440 1418 1520; baseline 0.006 -21"><span class='ocrx_word' id='word_1_81' title='bbox 230 1440 252 1475; x_wconf 78' lang='lat'><strong><em>⁴</em></strong></span> <span class='ocrx_word' id='word_1_82' title='bbox 277 1441 430 1499; x_wconf 83' lang='lat' dir='ltr'>Idam</span> <span class='ocrx_word' id='word_1_83' title='bbox 461 1458 724 1517; x_wconf 87' lang='lat' dir='ltr'>montem,</span> <span class='ocrx_word' id='word_1_84' title='bbox 763 1445 977 1505; x_wconf 74' lang='lat' dir='ltr'>accolas</span> <span class='ocrx_word' id='word_1_85' title='bbox 1000 1445 1215 1520; x_wconf 69' lang='lat' dir='ltr'>IdaeoS,</span> <span class='ocrx_word' id='word_1_86' title='bbox 1256 1449 1418 1506; x_wconf 62' lang='lat' dir='ltr'>aufto</span> 
     </span>
     <span class='ocr_line' id='line_1_16' title="bbox 200 1526 1416 1606; baseline 0.002 -19"><span class='ocrx_word' id='word_1_87' title='bbox 200 1582 205 1587; x_wconf 89' lang='lat'>.</span> <span class='ocrx_word' id='word_1_88' title='bbox 230 1526 252 1561; x_wconf 78' lang='lat'><em>⁴</em></span> <span class='ocrx_word' id='word_1_89' title='bbox 274 1528 337 1585; x_wconf 88' lang='lat' dir='ltr'>in</span> <span class='ocrx_word' id='word_1_90' title='bbox 353 1530 643 1586; x_wconf 78' lang='lat' dir='ltr'>Barbarum</span> <span class='ocrx_word' id='word_1_91' title='bbox 658 1547 1054 1605; x_wconf 84' lang='lat' dir='ltr'>cognomento,</span> <span class='ocrx_word' id='word_1_92' title='bbox 1065 1531 1300 1606; x_wconf 81' lang='lat' dir='ltr'>Judaeos</span> <span class='ocrx_word' id='word_1_93' title='bbox 1317 1552 1416 1590; x_wconf 74' lang='lat' dir='ltr'>vo·</span> 
     </span>
     <span class='ocr_line' id='line_1_17' title="bbox 228 1611 1430 1692; baseline 0.006 -22"><span class='ocrx_word' id='word_1_94' title='bbox 228 1613 250 1646; x_wconf 86' lang='lat'>‘</span> <span class='ocrx_word' id='word_1_95' title='bbox 277 1614 467 1684; x_wconf 86' lang='lat' dir='ltr'>citari;</span> <span class='ocrx_word' id='word_1_96' title='bbox 518 1611 739 1692; x_wconf 87' lang='lat' dir='ltr'>quidam</span> <span class='ocrx_word' id='word_1_97' title='bbox 775 1631 1044 1692; x_wconf 82' lang='lat' dir='ltr'>regnante</span> <span class='ocrx_word' id='word_1_98' title='bbox 1079 1614 1214 1675; x_wconf 84' lang='lat' dir='ltr'>Ifide</span> <span class='ocrx_word' id='word_1_99' title='bbox 1239 1636 1430 1678; x_wconf 61' lang='lat' dir='ltr'>exunae·</span> 
     </span>
     <span class='ocr_line' id='line_1_18' title="bbox 227 1698 1417 1780; baseline 0.003 -21"><span class='ocrx_word' id='word_1_100' title='bbox 227 1698 250 1732; x_wconf 84' lang='lat'>‘</span> <span class='ocrx_word' id='word_1_101' title='bbox 273 1700 497 1760; x_wconf 79' lang='lat' dir='ltr'>dantem</span> <span class='ocrx_word' id='word_1_102' title='bbox 528 1719 626 1780; x_wconf 85' lang='lat' dir='ltr'>per</span> <span class='ocrx_word' id='word_1_103' title='bbox 658 1702 955 1780; x_wconf 84' lang='lat' dir='ltr'>AEgyptum</span> <span class='ocrx_word' id='word_1_104' title='bbox 990 1702 1417 1775; x_wconf 85' lang='lat' dir='ltr'>multitudinem,</span> 
     </span>
     <span class='ocr_line' id='line_1_19' title="bbox 228 1785 1415 1870; baseline 0.005 -25"><span class='ocrx_word' id='word_1_105' title='bbox 228 1785 250 1818; x_wconf 87' lang='lat'>‘</span> <span class='ocrx_word' id='word_1_106' title='bbox 275 1787 505 1847; x_wconf 81' lang='lat' dir='ltr'><strong>ducibus</strong></span> <span class='ocrx_word' id='word_1_107' title='bbox 547 1785 937 1867; x_wconf 82' lang='lat' dir='ltr'>Hierosolymo</span> <span class='ocrx_word' id='word_1_108' title='bbox 963 1809 1028 1849; x_wconf 87' lang='lat' dir='ltr'>ac</span> <span class='ocrx_word' id='word_1_109' title='bbox 1054 1788 1197 1867; x_wconf 85' lang='lat' dir='ltr'>Juda</span> <span class='ocrx_word' id='word_1_110' title='bbox 1222 1794 1415 1870; x_wconf 71' lang='lat' dir='ltr'>proxi-</span> 
     </span>
     <span class='ocr_line' id='line_1_20' title="bbox 228 1870 1413 1957; baseline 0.007 -27"><span class='ocrx_word' id='word_1_111' title='bbox 228 1870 250 1903; x_wconf 89' lang='lat'>‘</span> <span class='ocrx_word' id='word_1_112' title='bbox 274 1893 391 1932; x_wconf 80' lang='lat' dir='ltr'>mas</span> <span class='ocrx_word' id='word_1_113' title='bbox 403 1875 462 1933; x_wconf 90' lang='lat' dir='ltr'>in</span> <span class='ocrx_word' id='word_1_114' title='bbox 475 1889 647 1934; x_wconf 76' lang='lat' dir='ltr'>terras</span> <span class='ocrx_word' id='word_1_115' title='bbox 662 1893 1038 1937; x_wconf 76' lang='lat' dir='ltr'>exoneratam.</span> <span class='ocrx_word' id='word_1_116' title='bbox 1065 1875 1308 1957; x_wconf 79' lang='lat' dir='ltr'>plerique</span> <span class='ocrx_word' id='word_1_117' title='bbox 1318 1885 1413 1938; x_wconf 72' lang='grc' dir='ltr'>Ε-</span> 
     </span>
     <span class='ocr_line' id='line_1_21' title="bbox 228 1956 1417 2045; baseline 0.009 -30"><span class='ocrx_word' id='word_1_118' title='bbox 228 1956 250 1989; x_wconf 88' lang='lat'>‘</span> <span class='ocrx_word' id='word_1_119' title='bbox 275 1962 524 2038; x_wconf 87' lang='lat' dir='ltr'>thiopum</span> <span class='ocrx_word' id='word_1_120' title='bbox 551 1961 787 2038; x_wconf 85' lang='lat' dir='ltr'>prolem,</span> <span class='ocrx_word' id='word_1_121' title='bbox 832 1984 978 2042; x_wconf 75' lang='lat' dir='ltr'>quos</span> <span class='ocrx_word' id='word_1_122' title='bbox 1010 1985 1138 2041; x_wconf 84' lang='lat' dir='ltr'>rege</span> <span class='ocrx_word' id='word_1_123' title='bbox 1171 1968 1417 2045; x_wconf 88' lang='lat' dir='ltr'>Cepheo,</span> 
     </span>
     <span class='ocr_line' id='line_1_22' title="bbox 230 2047 1416 2128; baseline 0.008 -28"><span class='ocrx_word' id='word_1_124' title='bbox 230 2048 251 2074; x_wconf 74' lang='lat'><em>⁸</em></span> <span class='ocrx_word' id='word_1_125' title='bbox 275 2063 452 2102; x_wconf 83' lang='lat' dir='ltr'>metus</span> <span class='ocrx_word' id='word_1_126' title='bbox 477 2060 642 2122; x_wconf 87' lang='lat' dir='ltr'>atque</span> <span class='ocrx_word' id='word_1_127' title='bbox 670 2049 860 2106; x_wconf 85' lang='lat' dir='ltr'>odium</span> <span class='ocrx_word' id='word_1_128' title='bbox 878 2065 1090 2108; x_wconf 85' lang='lat' dir='ltr'>mutare</span> <span class='ocrx_word' id='word_1_129' title='bbox 1118 2047 1269 2108; x_wconf 82' lang='lat' dir='ltr'>sedes</span> <span class='ocrx_word' id='word_1_130' title='bbox 1295 2071 1416 2128; x_wconf 85' lang='lat' dir='ltr'>per-</span> 
     </span>
     <span class='ocr_line' id='line_1_23' title="bbox 230 2127 1415 2209; baseline 0.009 -26"><span class='ocrx_word' id='word_1_131' title='bbox 230 2127 253 2158; x_wconf 89' lang='lat'>‘</span> <span class='ocrx_word' id='word_1_132' title='bbox 280 2129 517 2205; x_wconf 85' lang='lat' dir='ltr'>pulerit.&#39;</span> <span class='ocrx_word' id='word_1_133' title='bbox 563 2128 689 2186; x_wconf 85' lang='lat' dir='ltr'>sunt</span> <span class='ocrx_word' id='word_1_134' title='bbox 717 2133 813 2206; x_wconf 87' lang='lat' dir='ltr'>qui</span> <span class='ocrx_word' id='word_1_135' title='bbox 840 2133 1082 2204; x_wconf 83' lang='lat' dir='ltr'>tradant,</span> <span class='ocrx_word' id='word_1_136' title='bbox 1120 2135 1139 2164; x_wconf 87' lang='lat'>‘</span> <span class='ocrx_word' id='word_1_137' title='bbox 1167 2132 1415 2209; x_wconf 74' lang='lat' dir='ltr'>Affyrioz</span> 
     </span>
     <span class='ocr_line' id='line_1_24' title="bbox 234 2211 1414 2295; baseline 0.008 -26"><span class='ocrx_word' id='word_1_138' title='bbox 234 2212 256 2244; x_wconf 86' lang='lat'>‘</span> <span class='ocrx_word' id='word_1_139' title='bbox 280 2231 580 2278; x_wconf 83' lang='lat' dir='ltr'>convenas,</span> <span class='ocrx_word' id='word_1_140' title='bbox 592 2211 838 2290; x_wconf 76' lang='lat' dir='ltr'>indigum</span> <span class='ocrx_word' id='word_1_141' title='bbox 855 2235 1109 2291; x_wconf 81' lang='lat' dir='ltr'>agrorum</span> <span class='ocrx_word' id='word_1_142' title='bbox 1127 2218 1414 2295; x_wconf 82' lang='lat' dir='ltr'>populum,</span> 
     </span>
     <span class='ocr_line' id='line_1_25' title="bbox 232 2295 1414 2384; baseline 0.011 -31"><span class='ocrx_word' id='word_1_143' title='bbox 232 2295 256 2329; x_wconf 90' lang='lat'>‘</span> <span class='ocrx_word' id='word_1_144' title='bbox 282 2311 437 2377; x_wconf 86' lang='lat' dir='ltr'>parte</span> <span class='ocrx_word' id='word_1_145' title='bbox 459 2300 677 2376; x_wconf 83' lang='lat' dir='ltr'>AEgypti</span> <span class='ocrx_word' id='word_1_146' title='bbox 720 2300 961 2377; x_wconf 82' lang='lat' dir='ltr'>potitos,</span> <span class='ocrx_word' id='word_1_147' title='bbox 1002 2320 1138 2361; x_wconf 81' lang='lat' dir='ltr'>mox</span> <span class='ocrx_word' id='word_1_148' title='bbox 1165 2308 1414 2384; x_wconf 73' lang='lat' dir='ltr'>proprias</span> 
     </span>
     <span class='ocr_line' id='line_1_26' title="bbox 232 2382 1412 2469; baseline 0.011 -29"><span class='ocrx_word' id='word_1_149' title='bbox 232 2382 256 2415; x_wconf 85' lang='lat'><em>‘</em></span> <span class='ocrx_word' id='word_1_150' title='bbox 280 2385 465 2455; x_wconf 82' lang='lat' dir='ltr'>urbes,</span> <span class='ocrx_word' id='word_1_151' title='bbox 478 2383 859 2462; x_wconf 82' lang='lat' dir='ltr'>Hebraeasque</span> <span class='ocrx_word' id='word_1_152' title='bbox 874 2401 1068 2460; x_wconf 76' lang='lat' dir='ltr'>terras,</span> <span class='ocrx_word' id='word_1_153' title='bbox 1084 2405 1141 2448; x_wconf 88' lang='lat' dir='ltr'>et</span> <span class='ocrx_word' id='word_1_154' title='bbox 1155 2394 1412 2469; x_wconf 82' lang='lat' dir='ltr'>propiora</span> 
     </span>
     <span class='ocr_line' id='line_1_27' title="bbox 227 2467 1410 2554; baseline 0.012 -27"><span class='ocrx_word' id='word_1_155' title='bbox 227 2467 251 2503; x_wconf 84' lang='lat'>‘</span> <span class='ocrx_word' id='word_1_156' title='bbox 276 2472 458 2552; x_wconf 80' lang='lat' dir='ltr'>Syriae</span> <span class='ocrx_word' id='word_1_157' title='bbox 479 2468 724 2532; x_wconf 82' lang='lat' dir='ltr'>eoluiffe.</span> <span class='ocrx_word' id='word_1_158' title='bbox 778 2471 919 2532; x_wconf 86' lang='lat' dir='ltr'>clara</span> <span class='ocrx_word' id='word_1_159' title='bbox 955 2475 1046 2535; x_wconf 80' lang='lat' dir='ltr'>alii</span> <span class='ocrx_word' id='word_1_160' title='bbox 1077 2476 1410 2554; x_wconf 71' lang='lat' dir='ltr'>judaeorum</span> 
     </span>
    </p>
   </div>
  </div>
 </body>
</html>
