<?xml version="1.0" encoding="UTF-8"?>
<!DOCTYPE html PUBLIC "-//W3C//DTD XHTML 1.0 Transitional//EN"
    "http://www.w3.org/TR/xhtml1/DTD/xhtml1-transitional.dtd">
<html xmlns="http://www.w3.org/1999/xhtml" xml:lang="en" lang="en">
 <head>
  <title>
</title>
<meta http-equiv="Content-Type" content="text/html;charset=utf-8" />
  <meta name='ocr-system' content='tesseract 3.04.00' />
  <meta name='ocr-capabilities' content='ocr_page ocr_carea ocr_par ocr_line ocrx_word'/>
</head>
<body>
  <div class='ocr_page' id='page_1' title='image "./ccorneliitaciti05grongoog_0311.png"; bbox 0 0 1759 2992; ppageno 0'>
   <div class='ocr_carea' id='block_1_1' title="bbox 222 174 1412 358">
    <p class='ocr_par' dir='ltr' id='par_1_1' title="bbox 222 174 1412 358">
     <span class='ocr_line' id='line_1_1' title="bbox 602 174 1407 245; baseline 0.002 -12"><span class='ocrx_word' id='word_1_1' title='bbox 602 189 641 233; x_wconf 75' lang='grc' dir='ltr'>ι)</span> <span class='ocrx_word' id='word_1_2' title='bbox 665 195 683 232; x_wconf 84' lang='lat'>1</span> <span class='ocrx_word' id='word_1_3' title='bbox 706 191 740 233; x_wconf 68' lang='lat' dir='ltr'>A</span> <span class='ocrx_word' id='word_1_4' title='bbox 761 192 795 231; x_wconf 78' lang='grc' dir='ltr'>ι,</span> <span class='ocrx_word' id='word_1_5' title='bbox 813 193 851 232; x_wconf 90' lang='lat' dir='ltr'>o</span> <span class='ocrx_word' id='word_1_6' title='bbox 872 192 912 232; x_wconf 78' lang='lat' dir='ltr'>o</span> <span class='ocrx_word' id='word_1_7' title='bbox 937 191 977 233; x_wconf 80' lang='lat' dir='ltr'>u</span> <span class='ocrx_word' id='word_1_8' title='bbox 1000 192 1051 233; x_wconf 85' lang='lat' dir='ltr'>s.</span> <span class='ocrx_word' id='word_1_9' title='bbox 1291 174 1407 245; x_wconf 88' lang='lat'>267</span> 
     </span>
     <span class='ocr_line' id='line_1_2' title="bbox 222 253 1412 358; baseline -0.003 -23"><span class='ocrx_word' id='word_1_10' title='bbox 222 294 406 358; x_wconf 81' lang='lat' dir='ltr'>poene</span> <span class='ocrx_word' id='word_1_11' title='bbox 416 273 652 334; x_wconf 80' lang='lat' dir='ltr'>dixerim</span> <span class='ocrx_word' id='word_1_12' title='bbox 676 272 784 333; x_wconf 81' lang='lat' dir='ltr'>fine</span> <span class='ocrx_word' id='word_1_13' title='bbox 799 275 1165 352; x_wconf 75' lang='lat' dir='ltr'><strong>ingenuitate,</strong></span> <span class='ocrx_word' id='word_1_14' title='bbox 1187 272 1333 351; x_wconf 84' lang='lat' dir='ltr'><strong>quafi</strong></span> <span class='ocrx_word' id='word_1_15' title='bbox 1349 253 1412 331; x_wconf 68' lang='lat' dir='ltr'>ir-</span> 
     </span>
    </p>
   </div>
   <div class='ocr_carea' id='block_1_2' title="bbox 119 357 1413 2663">
    <p class='ocr_par' dir='ltr' id='par_1_2' title="bbox 175 357 1413 2663">
     <span class='ocr_line' id='line_1_3' title="bbox 225 357 1408 423; baseline -0.004 -1"><span class='ocrx_word' id='word_1_16' title='bbox 225 381 300 423; x_wconf 84' lang='lat' dir='ltr'>na</span> <span class='ocrx_word' id='word_1_17' title='bbox 343 379 417 420; x_wconf 81' lang='lat' dir='ltr'>ex</span> <span class='ocrx_word' id='word_1_18' title='bbox 459 358 819 420; x_wconf 72' lang='lat' dir='ltr'>{brdidiffimis</span> <span class='ocrx_word' id='word_1_19' title='bbox 862 357 1103 420; x_wconf 72' lang='lat' dir='ltr'>artificiis</span> <span class='ocrx_word' id='word_1_20' title='bbox 1150 357 1408 419; x_wconf 81' lang='lat' dir='ltr'><strong>discatur.</strong></span> 
     </span>
     <span class='ocr_line' id='line_1_4' title="bbox 220 444 1412 528; baseline -0.003 -22"><span class='ocrx_word' id='word_1_21' title='bbox 220 467 362 526; x_wconf 79' lang='lat' dir='ltr'>ergo</span> <span class='ocrx_word' id='word_1_22' title='bbox 386 451 530 507; x_wconf 79' lang='lat' dir='ltr'>hane</span> <span class='ocrx_word' id='word_1_23' title='bbox 553 448 785 526; x_wconf 77' lang='lat' dir='ltr'>primam</span> <span class='ocrx_word' id='word_1_24' title='bbox 808 462 866 507; x_wconf 85' lang='lat' dir='ltr'>et</span> <span class='ocrx_word' id='word_1_25' title='bbox 897 447 1239 528; x_wconf 78' lang='lat' dir='ltr'>praecipuam</span> <span class='ocrx_word' id='word_1_26' title='bbox 1263 444 1412 504; x_wconf 81' lang='lat' dir='ltr'>caus-</span> 
     </span>
     <span class='ocr_line' id='line_1_5' title="bbox 226 533 1412 612; baseline -0.005 -18"><span class='ocrx_word' id='word_1_27' title='bbox 226 533 336 594; x_wconf 75' lang='lat' dir='ltr'>sam</span> <span class='ocrx_word' id='word_1_28' title='bbox 355 536 611 609; x_wconf 75' lang='lat' dir='ltr'>arbitror,</span> <span class='ocrx_word' id='word_1_29' title='bbox 638 551 737 593; x_wconf 84' lang='lat' dir='ltr'>eur</span> <span class='ocrx_word' id='word_1_30' title='bbox 766 546 981 592; x_wconf 85' lang='lat' dir='ltr'>tanturn</span> <span class='ocrx_word' id='word_1_31' title='bbox 1009 535 1079 591; x_wconf 79' lang='lat' dir='ltr'>ab</span> <span class='ocrx_word' id='word_1_32' title='bbox 1093 533 1412 612; x_wconf 75' lang='lat' dir='ltr'>eloquentia</span> 
     </span>
     <span class='ocr_line' id='line_1_6' title="bbox 223 616 1413 701; baseline -0.001 -22"><span class='ocrx_word' id='word_1_33' title='bbox 223 622 576 701; x_wconf 74' lang='lat' dir='ltr'>antiquorum</span> <span class='ocrx_word' id='word_1_34' title='bbox 604 635 891 682; x_wconf 76' lang='lat' dir='ltr'><strong>oratorum</strong></span> <span class='ocrx_word' id='word_1_35' title='bbox 922 616 1309 682; x_wconf 67' lang='lat' dir='ltr'>receffierimus.</span> <span class='ocrx_word' id='word_1_36' title='bbox 1332 617 1413 678; x_wconf 83' lang='lat' dir='ltr'>fi</span> 
     </span>
     <span class='ocr_line' id='line_1_7' title="bbox 221 705 1411 791; baseline -0.002 -24"><span class='ocrx_word' id='word_1_37' title='bbox 221 706 381 768; x_wconf 73' lang='lat' dir='ltr'>testes</span> <span class='ocrx_word' id='word_1_38' title='bbox 403 705 812 781; x_wconf 79' lang='lat' dir='ltr'>defiderantur,</span> <span class='ocrx_word' id='word_1_39' title='bbox 853 725 999 791; x_wconf 81' lang='lat' dir='ltr'>quos</span> <span class='ocrx_word' id='word_1_40' title='bbox 1030 708 1276 786; x_wconf 85' lang='lat' dir='ltr'>potiores</span> <span class='ocrx_word' id='word_1_41' title='bbox 1304 726 1411 765; x_wconf 76' lang='lat' dir='ltr'>no-</span> 
     </span>
     <span class='ocr_line' id='line_1_8' title="bbox 219 787 1412 872; baseline -0.004 -18"><span class='ocrx_word' id='word_1_42' title='bbox 219 795 449 854; x_wconf 79' lang='lat' dir='ltr'>minabo</span> <span class='ocrx_word' id='word_1_43' title='bbox 472 811 638 872; x_wconf 83' lang='lat' dir='ltr'><strong>quam</strong></span> <span class='ocrx_word' id='word_1_44' title='bbox 663 787 808 871; x_wconf 77' lang='lat' dir='ltr'>apud</span> <span class='ocrx_word' id='word_1_45' title='bbox 833 799 1075 851; x_wconf 80' lang='lat' dir='ltr'>Graecos</span> <span class='ocrx_word' id='word_1_46' title='bbox 1094 790 1412 851; x_wconf 84' lang='lat' dir='ltr'>Demosthe-</span> 
     </span>
     <span class='ocr_line' id='line_1_9' title="bbox 222 876 1412 958; baseline -0.003 -20"><span class='ocrx_word' id='word_1_47' title='bbox 222 897 382 938; x_wconf 82' lang='lat' dir='ltr'>nem.</span> <span class='ocrx_word' id='word_1_48' title='bbox 367 879 388 920; x_wconf 68' lang='lat'><strong><em>³</em></strong></span> <span class='ocrx_word' id='word_1_49' title='bbox 423 895 587 958; x_wconf 76' lang='lat' dir='ltr'>quem</span> <span class='ocrx_word' id='word_1_50' title='bbox 610 876 1032 936; x_wconf 78' lang='lat' dir='ltr'>studiofissimum</span> <span class='ocrx_word' id='word_1_51' title='bbox 1056 876 1328 936; x_wconf 82' lang='lat' dir='ltr'><strong>Platonis</strong></span> <span class='ocrx_word' id='word_1_52' title='bbox 1318 897 1412 934; x_wconf 81' lang='lat' dir='ltr'>au-</span> 
     </span>
     <span class='ocr_line' id='line_1_10' title="bbox 220 960 1407 1043; baseline 0.002 -21"><span class='ocrx_word' id='word_1_53' title='bbox 220 963 461 1023; x_wconf 81' lang='lat' dir='ltr'>ditorem</span> <span class='ocrx_word' id='word_1_54' title='bbox 482 960 634 1021; x_wconf 76' lang='lat' dir='ltr'>fuiss&#39;e</span> <span class='ocrx_word' id='word_1_55' title='bbox 669 962 961 1022; x_wconf 82' lang='lat' dir='ltr'>memoriae</span> <span class='ocrx_word' id='word_1_56' title='bbox 997 962 1277 1043; x_wconf 76' lang='lat' dir='ltr'>proditum</span> <span class='ocrx_word' id='word_1_57' title='bbox 1311 961 1407 1024; x_wconf 84' lang='lat' dir='ltr'>est.</span> 
     </span>
     <span class='ocr_line' id='line_1_11' title="bbox 219 1046 1412 1127; baseline -0.001 -19"><span class='ocrx_word' id='word_1_58' title='bbox 219 1064 278 1109; x_wconf 84' lang='lat' dir='ltr'>et</span> <span class='ocrx_word' id='word_1_59' title='bbox 312 1050 511 1109; x_wconf 86' lang='lat' dir='ltr'>Cicero</span> <span class='ocrx_word' id='word_1_60' title='bbox 532 1049 617 1106; x_wconf 80' lang='lat' dir='ltr'>his</span> <span class='ocrx_word' id='word_1_61' title='bbox 639 1062 702 1107; x_wconf 82' lang='lat' dir='ltr'>ut</span> <span class='ocrx_word' id='word_1_62' title='bbox 738 1050 941 1127; x_wconf 80' lang='lat' dir='ltr'>opinor</span> <span class='ocrx_word' id='word_1_63' title='bbox 961 1050 1140 1107; x_wconf 79' lang='lat' dir='ltr'>verbis</span> <span class='ocrx_word' id='word_1_64' title='bbox 1155 1091 1172 1122; x_wconf 90' lang='lat'>‚</span> <span class='ocrx_word' id='word_1_65' title='bbox 1212 1046 1233 1080; x_wconf 83' lang='lat'>‘</span> <span class='ocrx_word' id='word_1_66' title='bbox 1252 1048 1412 1127; x_wconf 84' lang='lat' dir='ltr'>quid-</span> 
     </span>
     <span class='ocr_line' id='line_1_12' title="bbox 222 1131 1411 1215; baseline 0 -21"><span class='ocrx_word' id='word_1_67' title='bbox 222 1136 245 1169; x_wconf 88' lang='lat'>‘</span> <span class='ocrx_word' id='word_1_68' title='bbox 268 1135 403 1213; x_wconf 83' lang='lat' dir='ltr'>quid</span> <span class='ocrx_word' id='word_1_69' title='bbox 428 1137 489 1196; x_wconf 89' lang='lat' dir='ltr'>in</span> <span class='ocrx_word' id='word_1_70' title='bbox 511 1134 829 1215; x_wconf 81' lang='lat' dir='ltr'><strong>eloquentia</strong></span> <span class='ocrx_word' id='word_1_71' title='bbox 850 1131 1111 1208; x_wconf 80' lang='lat' dir='ltr'>effecerit,</span> <span class='ocrx_word' id='word_1_72' title='bbox 1142 1134 1198 1195; x_wconf 85' lang='lat' dir='ltr'>id</span> <span class='ocrx_word' id='word_1_73' title='bbox 1217 1134 1269 1195; x_wconf 87' lang='lat' dir='ltr'>se</span> <span class='ocrx_word' id='word_1_74' title='bbox 1289 1155 1411 1194; x_wconf 83' lang='lat' dir='ltr'>non</span> 
     </span>
     <span class='ocr_line' id='line_1_13' title="bbox 219 1219 1410 1303; baseline 0.002 -24"><span class='ocrx_word' id='word_1_75' title='bbox 219 1223 240 1256; x_wconf 86' lang='lat'>‘</span> <span class='ocrx_word' id='word_1_76' title='bbox 264 1223 569 1295; x_wconf 66' lang='lat' dir='ltr'>rhetorum,</span> <span class='ocrx_word' id='word_1_77' title='bbox 606 1219 695 1281; x_wconf 85' lang='lat' dir='ltr'>sed</span> <span class='ocrx_word' id='word_1_78' title='bbox 723 1219 1047 1281; x_wconf 71' lang='lat' dir='ltr'>Academiae</span> <span class='ocrx_word' id='word_1_79' title='bbox 1067 1219 1252 1303; x_wconf 85' lang='lat' dir='ltr'>spatiis</span> <span class='ocrx_word' id='word_1_80' title='bbox 1271 1242 1410 1282; x_wconf 82' lang='lat' dir='ltr'>con-</span> 
     </span>
     <span class='ocr_line' id='line_1_14' title="bbox 221 1305 1409 1387; baseline 0.002 -20"><span class='ocrx_word' id='word_1_81' title='bbox 221 1312 243 1340; x_wconf 83' lang='lat'>‘</span> <span class='ocrx_word' id='word_1_82' title='bbox 266 1305 530 1368; x_wconf 78' lang='lat' dir='ltr'>secutum.</span> <span class='ocrx_word' id='word_1_83' title='bbox 552 1310 568 1334; x_wconf 90' lang='lat'>’</span> <span class='ocrx_word' id='word_1_84' title='bbox 627 1305 754 1368; x_wconf 85' lang='lat' dir='ltr'>sunt</span> <span class='ocrx_word' id='word_1_85' title='bbox 777 1308 911 1368; x_wconf 67' lang='lat' dir='ltr'>uliae</span> <span class='ocrx_word' id='word_1_86' title='bbox 939 1308 1143 1368; x_wconf 78' lang='lat' dir='ltr'>cauffae</span> <span class='ocrx_word' id='word_1_87' title='bbox 1177 1329 1409 1387; x_wconf 79' lang='lat' dir='ltr'>magnae</span> 
     </span>
     <span class='ocr_line' id='line_1_15' title="bbox 219 1396 1407 1475; baseline 0.001 -22"><span class='ocrx_word' id='word_1_88' title='bbox 219 1409 275 1453; x_wconf 83' lang='lat' dir='ltr'>et</span> <span class='ocrx_word' id='word_1_89' title='bbox 305 1414 519 1470; x_wconf 82' lang='lat' dir='ltr'>graves,</span> <span class='ocrx_word' id='word_1_90' title='bbox 544 1411 683 1473; x_wconf 75' lang='lat' dir='ltr'><strong>quas</strong></span> <span class='ocrx_word' id='word_1_91' title='bbox 706 1415 738 1452; x_wconf 77' lang='lat' dir='ltr'><strong>a</strong></span> <span class='ocrx_word' id='word_1_92' title='bbox 766 1398 930 1455; x_wconf 82' lang='lat' dir='ltr'>vobis</span> <span class='ocrx_word' id='word_1_93' title='bbox 949 1396 1145 1475; x_wconf 83' lang='lat' dir='ltr'>aperiri</span> <span class='ocrx_word' id='word_1_94' title='bbox 1172 1413 1407 1474; x_wconf 75' lang='lat' dir='ltr'>aequum</span> 
     </span>
     <span class='ocr_line' id='line_1_16' title="bbox 218 1476 1409 1557; baseline -0.001 -19"><span class='ocrx_word' id='word_1_95' title='bbox 218 1476 318 1553; x_wconf 86' lang='lat' dir='ltr'>est,</span> <span class='ocrx_word' id='word_1_96' title='bbox 330 1481 592 1556; x_wconf 85' lang='lat' dir='ltr'>quoniam</span> <span class='ocrx_word' id='word_1_97' title='bbox 609 1479 829 1556; x_wconf 62' lang='lat' dir='ltr'>quidem</span> <span class='ocrx_word' id='word_1_98' title='bbox 846 1481 1077 1557; x_wconf 75' lang='lat' dir='ltr'>egojam</span> <span class='ocrx_word' id='word_1_99' title='bbox 1096 1497 1275 1538; x_wconf 76' lang='lat' dir='ltr'>meum</span> <span class='ocrx_word' id='word_1_100' title='bbox 1293 1499 1409 1539; x_wconf 86' lang='lat' dir='ltr'>mu-</span> 
     </span>
     <span class='ocr_line' id='line_1_17' title="bbox 192 1563 1407 1643; baseline 0.002 -21"><span class='ocrx_word' id='word_1_101' title='bbox 192 1583 325 1623; x_wconf 82' lang='lat' dir='ltr'>·nus</span> <span class='ocrx_word' id='word_1_102' title='bbox 340 1563 578 1643; x_wconf 83' lang='lat' dir='ltr'>explevi,</span> <span class='ocrx_word' id='word_1_103' title='bbox 610 1579 667 1621; x_wconf 86' lang='lat' dir='ltr'>et</span> <span class='ocrx_word' id='word_1_104' title='bbox 701 1563 850 1640; x_wconf 82' lang='lat' dir='ltr'>quod</span> <span class='ocrx_word' id='word_1_105' title='bbox 875 1566 1009 1624; x_wconf 84' lang='lat' dir='ltr'>mihi</span> <span class='ocrx_word' id='word_1_106' title='bbox 1035 1566 1093 1622; x_wconf 87' lang='lat' dir='ltr'>in</span> <span class='ocrx_word' id='word_1_107' title='bbox 1117 1564 1407 1624; x_wconf 76' lang='lat' dir='ltr'>consuetu-</span> 
     </span>
     <span class='ocr_line' id='line_1_18' title="bbox 214 1647 1408 1729; baseline 0.003 -21"><span class='ocrx_word' id='word_1_108' title='bbox 214 1648 347 1709; x_wconf 86' lang='lat' dir='ltr'>dine</span> <span class='ocrx_word' id='word_1_109' title='bbox 360 1648 456 1723; x_wconf 86' lang='lat' dir='ltr'>est,</span> <span class='ocrx_word' id='word_1_110' title='bbox 472 1647 599 1708; x_wconf 82' lang='lat' dir='ltr'>satis</span> <span class='ocrx_word' id='word_1_111' title='bbox 611 1650 816 1708; x_wconf 81' lang='lat' dir='ltr'>multos</span> <span class='ocrx_word' id='word_1_112' title='bbox 830 1648 1041 1710; x_wconf 86' lang='lat' dir='ltr'>offendi</span> <span class='ocrx_word' id='word_1_113' title='bbox 1057 1672 1073 1709; x_wconf 71' lang='grc' dir='ltr'><strong><em>ε</em></strong></span> <span class='ocrx_word' id='word_1_114' title='bbox 1093 1652 1192 1729; x_wconf 85' lang='lat' dir='ltr'>qui</span> <span class='ocrx_word' id='word_1_115' title='bbox 1209 1649 1247 1709; x_wconf 86' lang='lat' dir='ltr'>fi</span> <span class='ocrx_word' id='word_1_116' title='bbox 1262 1649 1408 1711; x_wconf 79' lang='lat' dir='ltr'>forte</span> 
     </span>
     <span class='ocr_line' id='line_1_19' title="bbox 213 1737 1404 1810; baseline 0.002 -15"><span class='ocrx_word' id='word_1_117' title='bbox 213 1738 323 1797; x_wconf 87' lang='lat' dir='ltr'>hoc</span> <span class='ocrx_word' id='word_1_118' title='bbox 354 1737 605 1797; x_wconf 81' lang='lat' dir='ltr'>audirent</span> <span class='ocrx_word' id='word_1_119' title='bbox 624 1779 642 1806; x_wconf 88' lang='lat'><strong>,</strong></span> <span class='ocrx_word' id='word_1_120' title='bbox 677 1751 891 1796; x_wconf 78' lang='lat' dir='ltr'>certum</span> <span class='ocrx_word' id='word_1_121' title='bbox 928 1738 1102 1796; x_wconf 85' lang='lat' dir='ltr'>habeo</span> <span class='ocrx_word' id='word_1_122' title='bbox 1124 1737 1366 1797; x_wconf 69' lang='lat' dir='ltr'>distat-os</span> <span class='ocrx_word' id='word_1_123' title='bbox 1383 1780 1404 1810; x_wconf 89' lang='lat'>‚</span> 
     </span>
     <span class='ocr_line' id='line_1_20' title="bbox 215 1822 1406 1905; baseline 0.003 -23"><span class='ocrx_word' id='word_1_124' title='bbox 215 1822 237 1855; x_wconf 88' lang='lat'>‘</span> <span class='ocrx_word' id='word_1_125' title='bbox 248 1843 335 1883; x_wconf 86' lang='lat' dir='ltr'>me</span> <span class='ocrx_word' id='word_1_126' title='bbox 366 1822 496 1885; x_wconf 89' lang='lat' dir='ltr'>dum</span> <span class='ocrx_word' id='word_1_127' title='bbox 529 1823 675 1901; x_wconf 78' lang='lat' dir='ltr'>juris</span> <span class='ocrx_word' id='word_1_128' title='bbox 705 1838 762 1882; x_wconf 87' lang='lat' dir='ltr'>et</span> <span class='ocrx_word' id='word_1_129' title='bbox 788 1822 1161 1905; x_wconf 82' lang='lat' dir='ltr'>philosophiae</span> <span class='ocrx_word' id='word_1_130' title='bbox 1189 1823 1406 1885; x_wconf 84' lang='lat' dir='ltr'>scienti·</span> 
     </span>
     <span class='ocr_line' id='line_1_21' title="bbox 214 1908 1400 1991; baseline 0.003 -23.087"><span class='ocrx_word' id='word_1_131' title='bbox 214 1908 332 1970; x_wconf 88' lang='lat' dir='ltr'>‘am</span> <span class='ocrx_word' id='word_1_132' title='bbox 348 1925 627 1991; x_wconf 75' lang='lat' dir='ltr'><strong>tamquam</strong></span> <span class='ocrx_word' id='word_1_133' title='bbox 639 1914 842 1971; x_wconf 81' lang='lat' dir='ltr'>oratori</span> <span class='ocrx_word' id='word_1_134' title='bbox 861 1911 1201 1971; x_wconf 71' lang='lat' dir='ltr'>necessariam</span> <span class='ocrx_word' id='word_1_135' title='bbox 1219 1912 1400 1982; x_wconf 80' lang='lat' dir='ltr'>laude,</span> 
     </span>
     <span class='ocr_line' id='line_1_22' title="bbox 119 1996 1404 2083; baseline 0.002 -29.093"><span class='ocrx_word' id='word_1_136' title='bbox 119 2017 206 2083; x_wconf 74' lang='lat'>33</span> <span class='ocrx_word' id='word_1_137' title='bbox 225 1997 478 2075; x_wconf 82' lang='lat' dir='ltr'>‘ineptiis</span> <span class='ocrx_word' id='word_1_138' title='bbox 517 2000 654 2055; x_wconf 79' lang='lat' dir='ltr'>meis</span> <span class='ocrx_word' id='word_1_139' title='bbox 700 1996 999 2076; x_wconf 53' lang='lat' dir='ltr'>piaufiffess</span> <span class='ocrx_word' id='word_1_140' title='bbox 1087 2004 1159 2057; x_wconf 90' lang='lat' dir='ltr'>Et</span> <span class='ocrx_word' id='word_1_141' title='bbox 1200 2005 1404 2057; x_wconf 83' lang='lat' dir='ltr'>Matet-</span> 
     </span>
     <span class='ocr_line' id='line_1_23' title="bbox 213 2081 1403 2161; baseline 0.003 -23"><span class='ocrx_word' id='word_1_142' title='bbox 213 2100 344 2153; x_wconf 81' lang='lat' dir='ltr'>nus,</span> <span class='ocrx_word' id='word_1_143' title='bbox 365 2084 500 2140; x_wconf 80' lang='lat' dir='ltr'>mihi</span> <span class='ocrx_word' id='word_1_144' title='bbox 530 2082 789 2160; x_wconf 84' lang='lat' dir='ltr'>quidem,</span> <span class='ocrx_word' id='word_1_145' title='bbox 815 2084 1022 2160; x_wconf 87' lang='lat' dir='ltr'>inquit,</span> <span class='ocrx_word' id='word_1_146' title='bbox 1049 2081 1347 2161; x_wconf 77' lang='lat' dir='ltr'>susceptum</span> <span class='ocrx_word' id='word_1_147' title='bbox 1371 2105 1403 2141; x_wconf 86' lang='lat' dir='ltr'>a</span> 
     </span>
     <span class='ocr_line' id='line_1_24' title="bbox 212 2167 1404 2245; baseline 0.004 -22"><span class='ocrx_word' id='word_1_148' title='bbox 212 2180 270 2223; x_wconf 75' lang='lat' dir='ltr'>te</span> <span class='ocrx_word' id='word_1_149' title='bbox 284 2185 484 2225; x_wconf 81' lang='lat' dir='ltr'>munus</span> <span class='ocrx_word' id='word_1_150' title='bbox 501 2167 635 2225; x_wconf 82' lang='lat' dir='ltr'>adeo</span> <span class='ocrx_word' id='word_1_151' title='bbox 648 2167 904 2245; x_wconf 66' lang='lat' dir='ltr'>peregisse</span> <span class='ocrx_word' id='word_1_152' title='bbox 918 2167 1162 2225; x_wconf 85' lang='lat' dir='ltr'>nondum</span> <span class='ocrx_word' id='word_1_153' title='bbox 1177 2168 1404 2242; x_wconf 69' lang='lat' dir='ltr'>videris,</span> 
     </span>
     <span class='ocr_line' id='line_1_25' title="bbox 214 2248 1403 2332; baseline 0.005 -25"><span class='ocrx_word' id='word_1_154' title='bbox 214 2264 277 2307; x_wconf 87' lang='lat' dir='ltr'>ut</span> <span class='ocrx_word' id='word_1_155' title='bbox 299 2248 567 2311; x_wconf 72' lang='lat' dir='ltr'>inchoass‘e</span> <span class='ocrx_word' id='word_1_156' title='bbox 591 2265 827 2324; x_wconf 86' lang='lat' dir='ltr'>tantum,</span> <span class='ocrx_word' id='word_1_157' title='bbox 850 2266 908 2310; x_wconf 88' lang='lat' dir='ltr'>et</span> <span class='ocrx_word' id='word_1_158' title='bbox 926 2252 1080 2310; x_wconf 78' lang='lat' dir='ltr'>velut</span> <span class='ocrx_word' id='word_1_159' title='bbox 1101 2252 1320 2332; x_wconf 78' lang='lat' dir='ltr'>vestigia</span> <span class='ocrx_word' id='word_1_160' title='bbox 1338 2274 1403 2313; x_wconf 79' lang='lat' dir='ltr'>ac</span> 
     </span>
     <span class='ocr_line' id='line_1_26' title="bbox 211 2335 1398 2417; baseline 0.005 -22"><span class='ocrx_word' id='word_1_161' title='bbox 211 2335 537 2395; x_wconf 82' lang='lat' dir='ltr'>lineamenta</span> <span class='ocrx_word' id='word_1_162' title='bbox 560 2336 818 2417; x_wconf 81' lang='lat' dir='ltr'>quaedam</span> <span class='ocrx_word' id='word_1_163' title='bbox 836 2336 1121 2398; x_wconf 80' lang='lat' dir='ltr'>ostendiffe</span> <span class='ocrx_word' id='word_1_164' title='bbox 1141 2341 1398 2402; x_wconf 77' lang='lat' dir='ltr'>videaris,</span> 
     </span>
     <span class='ocr_line' id='line_1_27' title="bbox 211 2422 1403 2503; baseline 0.004 -20"><span class='ocrx_word' id='word_1_165' title='bbox 211 2443 341 2483; x_wconf 80' lang='lat' dir='ltr'>nam</span> <span class='ocrx_word' id='word_1_166' title='bbox 367 2424 567 2503; x_wconf 75' lang='lat' dir='ltr'>quibus</span> <span class='ocrx_word' id='word_1_167' title='bbox 592 2422 778 2484; x_wconf 82' lang='lat' dir='ltr'>instrui</span> <span class='ocrx_word' id='word_1_168' title='bbox 803 2440 1017 2487; x_wconf 81' lang='lat' dir='ltr'>veteres</span> <span class='ocrx_word' id='word_1_169' title='bbox 1045 2441 1292 2487; x_wconf 77' lang='lat' dir='ltr'>oratores</span> <span class='ocrx_word' id='word_1_170' title='bbox 1313 2428 1403 2488; x_wconf 91' lang='lat' dir='ltr'>so-</span> 
     </span>
     <span class='ocr_line' id='line_1_28' title="bbox 214 2507 1402 2594; baseline 0.002 -24"><span class='ocrx_word' id='word_1_171' title='bbox 214 2509 302 2572; x_wconf 79' lang='lat' dir='ltr'>liti</span> <span class='ocrx_word' id='word_1_172' title='bbox 317 2507 441 2591; x_wconf 83' lang='lat' dir='ltr'>fint,</span> <span class='ocrx_word' id='word_1_173' title='bbox 464 2509 673 2592; x_wconf 76' lang='lat' dir='ltr'>dixisti,</span> <span class='ocrx_word' id='word_1_174' title='bbox 697 2510 1171 2594; x_wconf 76' lang='lat' dir='ltr'>differentiamque</span> <span class='ocrx_word' id='word_1_175' title='bbox 1188 2515 1402 2578; x_wconf 80' lang='lat' dir='ltr'>nostrae</span> 
     </span>
     <span class='ocr_line' id='line_1_29' title="bbox 730 2605 885 2663; baseline 0 0"><span class='ocrx_word' id='word_1_176' title='bbox 730 2605 802 2663; x_wconf 84' lang='lat' dir='ltr'>M</span> <span class='ocrx_word' id='word_1_177' title='bbox 849 2619 885 2663; x_wconf 89' lang='lat'><em>2</em></span> 
     </span>
    </p>
   </div>
  </div>
 </body>
</html>
