1759 2992
391 174 613 224 sumt
652 170 1183 214 anxiavi-ra·
1277 168 1400 231 209

218 253 407 315 falsum
428 274 460 311 e
492 254 788 312 Germania
808 253 1166 329 triumphum,
1199 254 1401 330 emptis

218 361 316 419 per
337 340 680 411 commercia,
717 356 948 416 quorum
973 338 1185 395 habitus
1217 352 1272 393 et
1294 337 1401 396 cri-

221 445 325 482 nes
336 427 393 481 iu
409 426 741 502 captivorum
756 419 979 501 speciem
998 421 1364 483 formarentur
1376 441 1395 479 ε

221 523 280 567 at
310 529 459 568 nunc
487 528 668 567 veram
700 527 1063 585 magnamque
1090 508 1395 579 vffioriam,

223 607 314 651 tot
351 593 587 652 millibus
611 591 842 652 hostium
866 590 1023 651 caefis
1040 634 1060 666 ‚
1090 590 1402 667 ingenti‘fa-

223 698 313 738 ma
333 678 611 737 celebrati.
660 678 715 736 id
738 677 831 736 fibi
867 679 1104 736 maxime
1138 676 1401 735 formido-

219 762 431 835 losum,
476 765 674 842 privati
710 765 952 829 hominis⁸
995 781 1201 820 nomen
1229 760 1405 839 supra

221 849 491 926 principis
524 848 734 905 attollit
773 846 963 904 frustra
993 845 1161 904 studia
1192 845 1318 912 fori,
1346 860 1403 902 et

221 933 465 989 civilium
489 931 685 988 artium
704 929 867 988 decus
892 932 951 987 in
983 928 1246 987 stlentium
1267 932 1402 1002 asta,

220 1012 260 1071 fi
279 1014 560 1073 militarem
583 1014 811 1089 gloriam
837 1014 972 1072 alius
994 1026 1316 1091 occupat-etz
1347 1028 1403 1071 et

220 1113 398 1158 cetera
420 1114 714 1178 utcumque
726 1096 938 1157 facilius
953 1097 1279 1172 diffimulari‚
1300 1097 1402 1158 dn-

219 1185 301 1242 cis
346 1186 482 1243 boni
520 1186 928 1264 imperatoriam
972 1186 1228 1243 virtutem
1272 1182 1397 1244 effe.
1430 1206 1434 1209 ’

219 1268 419 1330 talibus
437 1273 582 1329 curis
604 1272 898 1343 exercitus,
925 1269 1185 1348 quodque
1215 1267 1400 1329 saevae

220 1357 578 1430 cogitationis
607 1356 868 1415 indicium
891 1370 1037 1427 erat,
1071 1352 1276 1415 secreto
1301 1353 1400 1414 suo

220 1437 466 1513 satiatuS,
501 1442 768 1516 optimum
804 1442 864 1496 in
894 1438 1189 1517 praesentia
1220 1438 1401 1498 statuit

219 1540 486 1599 reponere
507 1522 725 1593 odium;
753 1523 931 1581 donec
955 1525 1188 1600 impetus
1225 1523 1401 1581 famae

219 1620 275 1663 et
300 1605 457 1665 favor
480 1608 751 1665 exercitus
775 1605 1171 1681 languesceret3
1193 1626 1317 1664 nam
1341 1625 1398 1664 e-

218 1692 351 1750 tiam
382 1708 496 1750 tum
531 1692 788 1767 Agricola
821 1693 1151 1751 Britanniam
1186 1691 1398 1750 obtine-

137 1796 218 1852 40
229 1778 340 1835 bat.
441 1779 615 1851 Igitur
638 1777 657 1808 ‘
677 1777 1021 1854 triumphalia
1050 1769 1399 1854 ornamenta,

219 1861 319 1924 ‘,et
351 1859 566 1920 illustris
601 1861 800 1922 statuae
824 1864 1113 1937 honorem,
1153 1878 1209 1922 et
1239 1864 1399 1942 quid-

217 1945 238 1977 ‘
269 1947 400 2025 quid
429 1968 528 2025 pro
554 1950 831 2027 triumpho
855 1947 1054 2021 datur‚'
1085 1950 1259 2008 multo
1278 1968 1398 2008 ver-

217 2031 414 2091 borum
429 2036 639 2091 honore
661 2035 955 2110 cumulata,
972 2034 991 2064 ‘
1009 2033 1224 2092 decerni
1245 2036 1303 2091 in
1321 2033 1397 2091 se-

220 2113 240 2146 ‘
268 2129 400 2171 natu
426 2117 620 2189 jubetz
663 2117 895 2194 addique
929 2116 1145 2193 insuper
1174 2118 1397 2192 opinio·

221 2197 243 2227 ‘
269 2216 414 2267 nem,
437 2200 639 2272 Syriam
657 2201 991 2275 provinciam
1007 2199 1292 2273 Agricolae
1307 2197 1398 2256 de-

162 2351 169 2355 ·
221 2280 241 2313 ‘
266 2278 472 2349 stinari,
507 2301 726 2339 vacuam
759 2299 872 2342 tum
892 2298 1066 2340 morte
1088 2280 1242 2343 Atilii
1272 2282 1395 2341 Rufi

221 2365 243 2396 ‘
267 2362 564 2423 consularis
582 2408 599 2439 ,
629 2382 685 2424 et
713 2367 1009 2442 majoribus
1037 2364 1398 2428 reservatam?

220 2449 494 2517 credidere
508 2450 773 2533 plerique,
793 2452 1044 2518 libertum
1062 2473 1133 2516 ex
1147 2450 1394 2517 secretio-
1423 2478 1430 2483 ·
