1759 2992
516 151 953 196 unrocus·
1219 138 1333 201 261

152 256 229 298 ex
251 238 504 298 omnibus
523 235 685 295 servis
706 236 1021 315 plerumque
1044 233 1340 313 sinistimus,

155 345 257 384 nec
275 327 528 401 cuiquam
546 321 686 381 serio
705 322 1003 383 ministerio
1026 343 1338 384 accommo-
1388 393 1394 403 Ι

154 410 354 482 damu
378 412 574 467 horum
591 408 788 467 fabulis
806 423 860 467 et
873 409 1148 468 erroribus
1165 413 1340 469 teneri

152 493 329 554 statim
351 508 407 553 et
431 493 594 553 rudes
626 495 797 553 animi
834 495 1178 554 imbuuntur.
1236 515 1340 556 nec

153 575 442 660 quisquam
480 582 540 641 in
578 593 694 639 tota
729 578 904 642 domo
947 578 1093 660 penfi
1133 582 1299 641 habet
1315 623 1339 657 ‚

151 665 287 745 quid
316 686 506 727 coram
528 666 740 726 infante
766 664 1021 741 domino,
1053 681 1147 725 aut
1167 666 1338 743 dicat,

148 768 247 812 aut
268 751 466 812 faciatz
509 751 737 831 quando
763 753 928 811 etiam
964 750 1063 831 ipfi
1085 769 1339 830 parentes

148 857 257 898 nec
280 840 540 915 probitati
567 856 746 915 neque
765 834 1059 896 modestiae
1079 838 1337 914 parvulos

148 921 521 993 aisne-Faciunt,
536 919 620 979 sed
636 918 882 980 lasciviae
894 938 949 981 et
964 920 1219 996 libertati,
1241 942 1339 1001 per

144 1026 294 1085 ¹quae
330 1006 607 1085 paullatim
643 1007 984 1084 impudentia
1020 1008 1205 1085 irrepit
1220 1049 1238 1076 ‚
1280 1022 1339 1066 et

149 1091 234 1152 sui
251 1093 522 1172 alienique
537 1105 907 1170 contemptus.
926 1091 1046 1169 jam
1059 1112 1195 1152 vcro
1208 1111 1336 1173 pro·

147 1180 271 1259 pria
286 1193 342 1237 ct
355 1177 644 1260 peculiaria
659 1176 826 1255 hujus
841 1179 988 1238 urbis
1003 1180 1140 1239 vitia
1155 1199 1338 1259 poene

146 1266 211 1323 in
233 1279 389 1324 utero
429 1265 618 1325 matria
642 1265 862 1345 concipi
894 1266 1028 1325 mihi
1053 1264 1333 1341 videntur,

147 1347 481 1410 histrionalis
502 1350 681 1425 favor,
704 1366 760 1409 et
780 1349 1144 1427 gladiatorum
1162 1371 1334 1430 equo-

142 1454 378 1513 rumque
395 1434 598 1506 studia;
630 1436 826 1513 quibus
846 1456 979 1493 occu
987 1450 1214 1515 patua‘et
1227 1439 1330 1495 ob·

141 1517 304 1580 {effus
320 1521 536 1578 animus
553 1519 874 1598 quantulum
891 1520 1001 1578 loci
1019 1521 1184 1578 bonis
1201 1523 1331 1580 arti·

142 1608 250 1666 bus
272 1605 566 1682 relinquit3
608 1618 842 1683 quotum
878 1622 1151 1684 quemque
1174 1608 1324 1664 inve·

138 1692 286 1750 neris
313 1692 410 1770 qui
447 1689 599 1749 domi
627 1688 929 1769 quidquam
961 1689 1106 1749 aliud
1138 1690 1330 1769 loqua-

140 1777 267 1836 tur?
310 1796 455 1856 quos
492 1775 633 1837 alios
668 1774 1192 1836 adolescentulorum
1222 1775 1325 1837 ser-

138 1883 334 1923 mones
370 1864 698 1943 excipimus,
740 1861 776 1921 fi
808 1862 1035 1942 quando
1056 1862 1327 1926 auditoria

136 1951 501 2010 intravimus?
554 1970 655 2010 nec
690 1966 1070 2029 praeceptores
1105 1951 1326 2026 quidein

135 2035 276 2094 ullas
300 2037 599 2095 crebriores
621 2056 746 2095 cum
762 2036 1103 2095 auditoribus
1122 2032 1227 2092 suis
1245 2036 1325 2094 fa·

128 2121 297 2181 ‘bulas
314 2122 546 2191 habent3
573 2119 844 2195 colligunt
860 2121 1008 2178 enim
1025 2118 1323 2197 discipulos

136 2224 257 2266 non
279 2202 558 2263 severitate
587 2203 938 2281 disciplinae,
975 2224 1078 2262 nec
1115 2204 1334 2279 ingenii‘

134 2289 534 2367 experimento,
547 2285 633 2346 sed
648 2290 946 2346 ambitione
959 2286 1299 2348 salutantium
1302 2302 1342 2366 ‚‘

124 2393 195 2433 et
229 2373 490 2434 illecebris
513 2372 862 2433 adulationis.
909 2370 1120 2432 transeo
1149 2376 1341 2453 prima·

124 2457 460 2571 discentium
481 2458 807 2540 elementa,
794 2481 850 2523 m
880 2445 1082 2541 quibus
1110 2474 1165 2521 et
1196 2460 1342 2546 ipfie·
