1759 2992
567 149 1017 193 ntALoGus.
1257 134 1384 209 269

203 248 346 295 certe
384 232 672 307 concedet,
715 232 1034 293 instructum
1066 246 1123 291 et
1156 231 1381 312 plenum

200 324 285 380 his
323 321 530 378 artibus
563 322 833 392 animum,
858 320 1024 396 longe
1050 321 1388 398 paratiorem

198 408 267 466 ad
291 426 379 465 eas
416 408 836 466 exercitationes
863 421 1155 465 venturum
1176 448 1197 481 ,
1237 427 1382 485 quae

116 512 148 568 3
160 515 194 568 4
207 494 458 571 propriae
474 493 613 551 circa
626 496 922 552 oratoriam
938 492 1213 552 videntur.
1282 499 1382 551 Er-

196 599 272 656 go
307 577 448 657 apud
479 578 714 656 majores
750 578 969 638 nostros
1001 580 1227 656 juvenis
1264 579 1382 655 ille,

197 666 292 743 qui
316 665 442 724 foro
458 679 514 723 et
527 665 847 744 eloquentia
871 668 1183 739 parabatur,
1205 667 1382 725 imbu-
1419 737 1424 744 ,

194 767 284 809 tus
318 752 435 827 jam
469 749 764 810 domestica
800 749 1119 829 disciplina,
1146 750 1381 810 refertus

191 835 434 895 honestis
452 834 662 911 studiis,
679 834 1043 896 deducebatur
1056 856 1087 892 a
1103 852 1273 912 patre,
1292 839 1383 896 vel

158 987 167 994 ἱ
191 942 225 979 a
266 922 592 1000 propinquis
610 962 630 995 ,
675 921 742 977 ad
784 940 911 979 eum
959 936 1236 979 oratorem
1281 924 1383 1000 qui

194 1009 499 1084 principem
538 1006 720 1066 locum
758 1007 817 1062 in
859 1008 1081 1065 civitate
1124 1008 1378 1081 tenebat;

192 1094 341 1151 hunc
364 1090 567 1165 sectari,
589 1094 738 1151 hunc
758 1090 1036 1170 prosequi,
1059 1094 1224 1169 hujus
1257 1114 1379 1153 om-

189 1180 357 1238 nibus
381 1178 712 1239 dictionibus
734 1177 999 1254 interesse,
1023 1177 1204 1239 fivein
1225 1182 1378 1258 judi·

190 1266 314 1335 ciis,
344 1264 452 1324 five
469 1266 528 1322 in
552 1267 921 1325 concionibus
934 1264 1278 1342 affuescebat,
1300 1270 1379 1327 ita
1405 1271 1416 1280 ’

189 1365 253 1409 ut
267 1350 640 1412 altercationes
659 1372 879 1430 quoque
892 1355 1169 1433 excipere,
1193 1355 1378 1430 etjur·

186 1436 292 1514 giis
317 1436 584 1511 inter-effe,
607 1454 780 1514 utque
800 1437 870 1498 fic
886 1438 1141 1512 dixerim,
1164 1461 1377 1519 pugna·

188 1543 250 1581 re
277 1523 334 1581 in
370 1521 581 1602 proelio
611 1522 865 1595 disceret3
906 1545 1141 1600 magnus
1174 1546 1246 1584 ex
1267 1529 1398 1588 hoo·

188 1605 314 1666 usus
332 1649 349 1679 ‚
392 1606 624 1667 muitum
672 1608 1038 1682 constantiae,
1082 1611 1378 1691 plurimum

183 1692 376 1771 judicii
393 1694 695 1771 juvenibus
712 1693 887 1754 statim
910 1698 1288 1776 contingebat,
1316 1700 1391 1758 in·-

185 1778 365 1839 media
394 1780 517 1840 luce
543 1781 880 1842 studentibus
910 1797 1073 1862 atque
1096 1786 1240 1843 inter
1260 1783 1390 1865 ipsa.

187 1865 524 1944 discrimina,
556 1869 646 1927 ubi
664 1889 825 1928 nemo
849 1871 1073 1950 impune
1095 1869 1253 1932 stulte
1275 1873 1387 1931 ali·-

188 1951 344 2029 quid,
373 1970 473 2013 aut
487 1957 761 2016 contrarie
782 1957 941 2031 dicit,
971 1978 1084 2036 quo
1105 1961 1290 2018 minus
1314 1974 1373 2020 et

180 2037 360 2114 judex
374 2038 607 2116 respuat,
624 2056 680 2098 et
695 2040 1031 2101 adversarius
1047 2046 1371 2122 exprobret,

185 2121 297 2201 ipfi
306 2122 543 2203 denique
566 2127 814 2185 advocati
845 2124 1221 2206 aspernentur.
1267 2132 1373 2207 igi-

186 2223 279 2265 tur
301 2227 428 2265 vera
453 2208 627 2268 statim
645 2226 700 2268 et
719 2213 1038 2290 incorrupta
1058 2213 1373 2294 eloquentia

187 2292 600 2353 imbuebantur·
642 2310 700 2353 et
726 2316 1057 2375 quamquam
1090 2320 1261 2359 unum
1292 2300 1373 2359 se·

187 2392 504 2457 querentur,
516 2394 698 2440 tamen
715 2402 910 2441 omnes
924 2382 1160 2460 ejusdem
1179 2389 1372 2447 aetatis

184 2480 453 2545 patronos
467 2466 788 2549 inplurimis
799 2483 859 2526 et
873 2470 1127 2533 cauffiset
1145 2471 1372 2552 judiciis
