1759 2992
265 83 296 101 Q

337 130 453 205 158
526 146 588 191 e.
624 145 934 191 comen
958 147 1025 189 ιτ
1057 146 1343 191 view-¹
1438 147 1445 157 ·

325 229 754 308 tet-,impotentes
773 238 829 283 et
846 223 1062 285 validos
1086 224 1222 285 falso
1239 222 1471 307 quiescas
1488 246 1510 299 ς

325 313 419 372 ubi
451 333 615 373 manu
642 314 852 390 agitur,
893 310 1151 372 modestia
1174 333 1238 372 ac
1271 314 1533 392 pmbitas-

322 400 552 458 nomina
589 396 884 479 superioris
919 395 1063 458 stmt.
1132 399 1207 456 ita
1246 402 1343 478 qui
1381 398 1518 458 olim

325 489 345 516 ‘
369 487 501 543 boni
525 487 795 563 aequique
818 481 1094 556 Cherusci,
1125 504 1278 543 nunc
1309 486 1516 544 inertes

320 569 346 602 ‘
368 591 431 629 ac
452 568 595 628 stulti
618 573 637 599 ³
658 582 934 628 vocantur
950 589 968 626 ε
1001 571 1180 626 Cattis
1208 571 1518 629 vifioribus

319 654 543 715 fortuna
566 658 623 714 in
645 652 958 735 sapientiam
981 653 1146 712 ceffit.
1199 656 1322 711 taeti
1345 656 1513 713 ruina

322 738 715 801 Cheruscorum
742 755 795 798 et
821 736 942 798 Fofi
973 741 1317 800 contermina
1343 758 1510 816 gens,
1595 786 1607 795 .

325 827 665 889 adversarum
689 847 867 887 rerum
898 846 971 885 ex
992 846 1169 905 aequo
1193 825 1349 899 socii,
1378 845 1509 884 cum

298 969 303 974 .
324 918 384 975 in
404 912 655 976 secundis
674 916 914 974 minores
930 911 1167 975 fuiffent.
1251 911 1504 972 Eundem
1520 930 1550 989 3
1564 929 1606 987 7

328 1003 650 1061 Germaniae
672 1001 842 1060 finum
857 1001 1104 1080 proximi
1120 1006 1343 1058 Oceano
1362 1000 1513 1058 Ciln—

325 1088 411 1144 bri
441 1101 653 1160 tenent,
685 1105 852 1164 parva
872 1105 1023 1144 nunc
1037 1086 1256 1156 civitas,
1280 1083 1369 1142 sed
1385 1084 1513 1160 gio-

322 1173 402 1230 ria
414 1170 640 1249 ingens}
659 1167 965 1248 veterisque
978 1168 1152 1228 famae
1161 1169 1272 1227 late
1286 1168 1510 1246 vestigia

322 1271 568 1330 manent,
590 1270 821 1333 utraque
853 1257 971 1334 ripa
1000 1253 1189 1331 castra,
1228 1276 1291 1313 ac
1316 1254 1510 1334 spatia,

325 1362 562 1420 quorum
592 1341 800 1407 ambitu
831 1360 983 1399 nunc
1012 1358 1237 1420 quoque
1265 1344 1518 1415 metiaris

324 1428 523 1488 molem
553 1425 848 1505 manusque
877 1430 1055 1503 gentis
1088 1441 1152 1485 et>
1179 1442 1291 1486 tam
1324 1430 1512 1505 magni

327 1516 598 1574 exercitus
614 1511 793 1573 fidem.
839 1509 1283 1591 sexcentefimum
1306 1530 1359 1573 et
1377 1535 1514 1593 qua-

327 1599 679 1678 dragefimum
703 1619 910 1658 annum
933 1601 1062 1658 urbs
1089 1599 1270 1659 nostra
1299 1603 1509 1678 agebat,

325 1698 452 1746 'cum
490 1689 724 1766 primum
771 1686 1121 1744 Cimbrorum
1162 1686 1343 1744 audita
1380 1684 1507 1743 sunt

326 1792 498 1846 arma,
523 1772 763 1832 Caecilio
789 1771 1016 1830 Met-ello
1045 1793 1107 1831 ac
1139 1772 1348 1850 Papirio
1368 1775 1512 1827 Car*

325 1860 474 1916 bone
503 1857 841 1918 consulibus,
882 1878 953 1916 ex
983 1879 1095 1936 quo
1117 1855 1151 1916 fi
1176 1856 1241 1915 ad
1274 1855 1503 1934 alterum

325 1946 672 2023 imperatoris
683 1945 918 2019 Trajani
935 1942 1262 2001 consulatum
1276 1962 1512 2019 compu-

326 2046 526 2104 temus,
551 2029 771 2089 ducenti
785 2029 956 2088 ferme
970 2045 1024 2088 et
1041 2030 1221 2088 decern
1240 2030 1373 2086 anni
1390 2026 1516 2086 col·

326 2118 607 2194 liguntur3
658 2117 859 2174 tamdiu
908 2117 1204 2174 Germania
1245 2116 1509 2175 vincitur.

326 2202 504 2261 medio
523 2216 631 2259 tam
647 2201 802 2280 longi
820 2203 938 2259 aevi
957 2200 1155 2279 spatio,
1183 2200 1354 2261 mult-a
1370 2204 1522 2260 invi·
1577 2254 1584 2257 .

324 2305 441 2343 cem
466 2286 705 2357 damna3
733 2307 847 2345 non
877 2292 1088 2345 Samnis
1105 2330 1124 2361 ,
1158 2309 1275 2347 non
1305 2290 1509 2363 Poeni,

324 2387 443 2424 non
484 2370 810 2448 Hispaniae,
856 2373 1177 2448 Galliaeve‚
1225 2395 1294 2443 ne
1325 2375 1509 2432 Parthi

320 2446 541 2527 “quidem
558 2455 764 2535 saepius
783 2456 1145 2536 admonuere3
1173 2461 1376 2540 quippe
1391 2478 1519 2539 reg·
1569 2456 1576 2462 ’
1656 2472 1671 2482 “
