1759 2992
365 99 455 180 96
598 118 1406 162 e.conu11.11'1·Acrwr

367 201 387 226 ‘
410 201 606 261 decore
624 204 850 271 eximio,
889 204 1167 280 etmajore
1182 225 1344 283 quam
1363 208 1548 263 huma·-

361 285 383 317 ‘
401 308 482 347 na
514 286 685 367 specie
704 288 994 365 juvenem,
1034 292 1129 368 qui
1158 292 1443 357 moneret,’
1485 306 1551 348 ut.

360 372 617 433 fidiffimis
633 377 932 435 amicorum
950 377 1007 433 in
1017 383 1257 434 Pontum
1277 378 1461 449 miffi8,
1473 374 1554 434 ef·-

361 459 538 536 figiem
569 457 716 518 suam
752 462 983 519 accirett
1031 462 1232 519 laetum
1270 462 1327 520 id
1353 482 1552 539 regno,

362 564 729 623 magnamque
746 560 801 604 et
817 547 1065 604 inclitam
1084 545 1256 605 sedem
1274 545 1392 604 fore
1411 568 1555 626 quae

359 629 678 707 exeepiss‘et3
723 632 741 662 ‘
758 628 907 689 fimul
928 631 1100 691 visum
1118 631 1365 690 eumdem
1384 633 1549 707 juve-

358 715 380 747 ‘
405 735 533 775 nem
561 718 621 775 in
649 717 862 777 coelum
894 720 1021 795 igne
1048 717 1287 797 plurimo
1325 717 1551 777 attolli!-

361 802 697 863 Ptolemaeus
719 805 904 863 omine
940 819 997 864 et
1017 803 1278 864 miraculo
1301 806 1546 881 excitus,

362 887 731 951 sacerdotibus
762 891 1157 969 AEgyptiorum,
1195 890 1396 969 quibus
1425 910 1556 950 mos

365 976 497 1035 talia
522 975 840 1051 intelligere,
871 981 1174 1036 noe'turnos
1189 975 1337 1034 visus
1354 978 1550 1054 aperit.

361 1076 526 1140 atque
560 1061 666 1118 illis
690 1064 850 1121 Ponti
873 1077 929 1119 et
962 1078 1314 1121 externorum
1354 1082 1552 1139 parum

361 1148 568 1223 gnaris,
590 1149 946 1204 Timotheum
966 1145 1350 1204 Atheniensem
1366 1166 1398 1203 e
1408 1167 1550 1222 gen-

361 1246 417 1289 te
448 1229 913 1307 Eumolpidarum,
961 1249 1125 1307 quem
1151 1245 1214 1287 ut
1249 1230 1550 1291 antistitem

360 1316 811 1375 caerimoniarum
831 1313 1004 1373 Eieufi
1018 1317 1318 1386 exciverat,
1343 1322 1360 1347 ‘
1379 1335 1548 1394 quae-

360 1402 382 1434 ‘
406 1422 533 1460 nam
550 1400 643 1459 illa
661 1399 986 1479 superstitio,
1010 1399 1161 1480 quod
1177 1421 1379 1463 numen
1397 1402 1441 1459 ?’
1458 1404 1549 1461 in·

362 1502 649 1565 terrogat„
689 1489 1024 1545 Timotheus
1060 1485 1310 1565 quaesitis
1349 1490 1442 1565 qui
1485 1490 1552 1548 in

364 1580 605 1634 Pontum
626 1570 907 1646 meaffent,
930 1571 1214 1651 cognoscit
1224 1574 1416 1636 „urbem
1433 1572 1574 1634 illic·

362 1662 599 1739 Sinopen
610 1701 626 1731 ,
651 1679 755 1718 nec
768 1658 964 1737 procul
982 1659 1242 1739 templum
1258 1673 1442 1718 vetere
1456 1661 1551 1718 in-

363 1761 448 1805 ter
464 1745 677 1804 accolas
690 1744 835 1804 fama
853 1746 1012 1821 Jovis
1027 1747 1197 1804 Ditis.
1242 1763 1476 1824 namque
1485 1761 1546 1804 et

361 1833 675 1891 muiiebrem
701 1831 932 1908 effigiem
956 1830 1195 1905 assistere‚
1240 1850 1402 1908 quam
1427 1833 1542 1910 ple-

360 1919 516 1995 rique
553 1915 927 1996 Proserpinam
959 1931 1181 2001 vogent.
1229 1914 1319 1974 sed
1354 1916 1541 1974 Ptole-

359 2022 564 2072 maeus,
610 2018 672 2061 ut
696 2002 820 2062 sunt
841 2003 1060 2079 ingenia
1082 2020 1289 2078 regum,
1330 2021 1542 2078 pronus

361 2088 427 2148 ad
445 2088 791 2147 formidinem
809 2111 828 2161 3
861 2089 953 2146 ubi
969 2086 1221 2146 securitas
1236 2088 1417 2162 rediit,
1433 2109 1540 2147 vo·

356 2175 411 2232 lu
419 2188 625 2253 ptatum
637 2194 800 2252 quam
813 2174 1137 2248 religionum
1148 2188 1431 2251 appetens,
1444 2194 1544 2232 ne·-

356 2260 557 2335 gligere
576 2259 833 2337 paulatim
867 2258 1100 2339 aliasque
1129 2258 1384 2321 adnutat»,
1421 2261 1539 2319 ani-

354 2362 503 2402 mum
526 2359 769 2404 verteret
811 2345 988 2405 donec
1007 2343 1189 2404 eadem
1207 2344 1404 2424 species
1429 2361 1537 2404 ter-

354 2422 562 2487 ribilior
579 2430 695 2509 jam
719 2445 774 2491 et
794 2428 1110 2509 instantior,
1144 2432 1163 2466 ‘
1188 2432 1415 2495 exitium
1439 2429 1537 2512 ipfi
