1759 2992
609 142 1047 189 winnocus·
1121 163 1126 168 -
1317 139 1437 203 229

254 250 480 315 qnoque
511 231 761 309 corporis
781 240 1146 307 contemptus,
1176 244 1273 306 per
1295 226 1439 285 mul·

256 334 350 378 tos
368 320 485 396 jam
516 336 697 375 annos
727 312 1078 397 potentiffimi
1095 310 1220 371 sunt
1242 315 1439 371 civita·

256 406 351 476 tis,
372 424 435 462 ac
449 402 625 461 donec
641 402 801 461 libuit
817 402 1094 480 principes
1109 398 1252 468 fori;
1285 417 1439 458 nunc

256 491 530 568 principes
545 490 603 546 in
630 485 869 546 Caesaris
893 486 1151 554 amicitia,
1175 497 1347 562 agunt
1357 482 1439 543 fe-

256 591 494 653 runtque
514 578 744 633 cunetas
776 589 939 652 atque
960 574 1029 631 ab
1050 568 1167 650 ipso
1191 572 1443 651 principe

254 681 380 719 cum
397 661 627 739 quadam
646 662 945 720 reverentia
960 657 1285 735 diliguntur.
1310 658 1442 735 quia

230 744 606 825 -Vespafianus
628 745 956 805 venerabilis
975 742 1137 801 senex
1150 758 1203 800 et
1226 745 1441 820 patien-

255 831 478 890 tissitnus
495 833 636 901 veri,
647 833 787 889 bene
801 829 972 887 intelli
976 830 1077 903 git3
1087 842 1301 885 ceteros
1316 829 1440 906 qui-

254 915 380 973 dem
402 918 608 973 amicos
632 913 765 972 suos
797 915 904 971 niti
933 914 1032 987 iis,
1067 930 1210 990 qnae
1234 909 1441 989 abipso

257 1001 593 1076 acceperint,
614 1016 862 1076 quaeque
881 995 979 1076 ipfi
999 994 1363 1069 accumulare,
1383 1011 1441 1057 et

256 1087 317 1144 in
332 1085 470 1143 alios
501 1103 797 1159 congerere
813 1096 1129 1162 promptum
1150 1080 1256 1141 est:
1288 1088 1444 1142 Mat-

253 1170 450 1230 cellum
481 1187 662 1231 autem
696 1186 752 1229 et
778 1168 1059 1246 Crispum,
1100 1164 1329 1229 attulisse
1366 1167 1435 1228 ad

251 1258 545 1317 amicitiam
569 1258 715 1317 suam
733 1300 754 1333 ,
790 1254 943 1336 quod
966 1277 1086 1317 non
1121 1275 1156 1314 a
1186 1257 1439 1336 principe

252 1345 580 1421 acceperint,
602 1364 706 1403 nec
726 1345 899 1421 accipi
922 1342 1098 1422 possit.
1144 1343 1437 1402 minimum

254 1430 400 1486 inter
423 1443 512 1486 tot
530 1449 590 1487 ac
606 1443 760 1486 tanta
773 1429 960 1488 locum
974 1430 1231 1487 obtinent
1248 1429 1438 1503 imagi·

254 1531 379 1586 nes,
400 1531 465 1571 ac
489 1513 632 1570 tituli
651 1527 705 1571 et
729 1512 926 1571 statuae
952 1532 1093 1589 quae
1122 1531 1303 1591 neque
1323 1512 1438 1591 ipsa

254 1612 436 1657 tamen
462 1595 855 1673 negliguntur}
885 1611 995 1655 tam
1031 1597 1247 1655 hercule
1267 1616 1437 1675 quam

252 1685 477 1743 divitiae
505 1697 560 1743 et
582 1702 752 1762 opes,
787 1701 927 1763 quas
957 1682 1167 1741 facilius
1186 1683 1436 1742 invenies

250 1771 349 1850 qui
363 1770 657 1848 vituperet,
683 1788 848 1848 quam
865 1766 1122 1828 fastidiat.
1167 1769 1252 1829 his
1266 1769 1437 1847 igitur

248 1872 305 1914 et
317 1856 645 1930 honoribus,
673 1858 1105 1930 eternamentis,
1130 1870 1186 1914 et
1205 1854 1434 1917 faculta-

249 1942 419 2014 tibus,
455 1939 677 2001 refertas
705 1940 907 2003 domos
935 1962 1126 2001 eorum
1157 1940 1434 2017 videmus,

249 2029 346 2105 qui
362 2024 416 2085 se
439 2026 505 2085 ab
525 2030 748 2087 ineunte
761 2026 1124 2087 adolescentia
1144 2027 1331 2086 cauffis
1343 2025 1434 2087 fo-

248 2109 492 2170 rentibus
534 2127 589 2169 et
629 2114 881 2171 oratorio
925 2110 1100 2170 studio
1141 2108 1429 2173 dederunt.

210 2201 401 2272 9Nam
423 2196 665 2253 carmina
691 2212 748 2253 et
784 2194 990 2262 versus,
1021 2196 1222 2273 quibus
1255 2208 1433 2257 totam

248 2280 420 2339 vitam
439 2284 720 2337 Maternus
738 2278 1005 2340 insumere
1017 2293 1176 2357 optat
1197 2277 1356 2348 (inde
1376 2301 1435 2342 e-

249 2367 369 2426 nim
392 2364 760 2448 omnis‘fluxit
777 2367 989 2439 oratio)
1003 2383 1182 2444 neque
1196 2363 1434 2443 dignita-

252 2465 364 2514 tem
382 2449 547 2515 ullam
559 2451 869 2515 auctoribus
880 2448 990 2514 suis
1002 2450 1322 2531 conciliant,
1334 2473 1435 2518 ne·
