<?xml version="1.0" encoding="UTF-8"?>
<!DOCTYPE html PUBLIC "-//W3C//DTD XHTML 1.0 Transitional//EN"
    "http://www.w3.org/TR/xhtml1/DTD/xhtml1-transitional.dtd">
<html xmlns="http://www.w3.org/1999/xhtml" xml:lang="en" lang="en">
 <head>
  <title>
</title>
<meta http-equiv="Content-Type" content="text/html;charset=utf-8" />
  <meta name='ocr-system' content='tesseract 3.04.00' />
  <meta name='ocr-capabilities' content='ocr_page ocr_carea ocr_par ocr_line ocrx_word'/>
</head>
<body>
  <div class='ocr_page' id='page_1' title='image "./ccorneliitaciti05grongoog_0193.png"; bbox 0 0 1759 2992; ppageno 0'>
   <div class='ocr_carea' id='block_1_1' title="bbox 194 111 1370 350">
    <p class='ocr_par' dir='ltr' id='par_1_1' title="bbox 194 111 1370 350">
     <span class='ocr_line' id='line_1_1' title="bbox 1245 111 1364 190; baseline 0.008 -17"><span class='ocrx_word' id='word_1_1' title='bbox 1245 111 1364 190; x_wconf 84' lang='lat'>169</span> 
     </span>
     <span class='ocr_line' id='line_1_2' title="bbox 194 221 1370 350; baseline -0.001 -16"><span class='ocrx_word' id='word_1_2' title='bbox 194 221 1370 350; x_wconf 57' lang='lat' dir='ltr'>JUL11AGR100LAE</span> 
     </span>
    </p>
   </div>
   <div class='ocr_carea' id='block_1_2' title="bbox 341 428 1182 557">
    <p class='ocr_par' dir='ltr' id='par_1_2' title="bbox 341 428 1182 557">
     <span class='ocr_line' id='line_1_3' title="bbox 341 428 1182 557; baseline 0.006 -7"><span class='ocrx_word' id='word_1_3' title='bbox 341 434 498 549; x_wconf 54' lang='lat' dir='ltr'>-Xs</span> <span class='ocrx_word' id='word_1_4' title='bbox 613 428 664 549; x_wconf 90' lang='lat'><em>1</em></span> <span class='ocrx_word' id='word_1_5' title='bbox 794 432 1182 557; x_wconf 67' lang='lat' dir='ltr'>]?.A‚</span> 
     </span>
    </p>
   </div>
   <div class='ocr_carea' id='block_1_3' title="bbox 591 686 965 748">
    <p class='ocr_par' dir='ltr' id='par_1_3' title="bbox 591 686 965 748">
     <span class='ocr_line' id='line_1_4' title="bbox 591 686 965 748; baseline -0.005 -19"><span class='ocrx_word' id='word_1_6' title='bbox 591 686 965 748; x_wconf 65' lang='lat' dir='ltr'>sempron</span> 
     </span>
    </p>
   </div>
   <div class='ocr_carea' id='block_1_4' title="bbox 260 824 1297 886">
    <p class='ocr_par' dir='ltr' id='par_1_4' title="bbox 260 824 1297 886">
     <span class='ocr_line' id='line_1_5' title="bbox 260 824 1297 886; baseline -0.004 0"><span class='ocrx_word' id='word_1_7' title='bbox 260 830 330 886; x_wconf 84' lang='lat' dir='ltr'>C.</span> <span class='ocrx_word' id='word_1_8' title='bbox 363 827 857 884; x_wconf 87' lang='lat' dir='ltr'>CORNELIO</span> <span class='ocrx_word' id='word_1_9' title='bbox 900 824 1297 882; x_wconf 83' lang='lat' dir='ltr'>TACITO.</span> 
     </span>
    </p>
   </div>
   <div class='ocr_carea' id='block_1_5' title="bbox 193 980 1430 2582">
    <p class='ocr_par' dir='ltr' id='par_1_5' title="bbox 193 980 1430 2582">
     <span class='ocr_line' id='line_1_6' title="bbox 348 980 1381 1062; baseline -0.003 -16"><span class='ocrx_word' id='word_1_10' title='bbox 348 992 618 1046; x_wconf 87' lang='lat' dir='ltr'>Larorum</span> <span class='ocrx_word' id='word_1_11' title='bbox 648 986 898 1043; x_wconf 76' lang='lat' dir='ltr'>virorum</span> <span class='ocrx_word' id='word_1_12' title='bbox 922 983 1061 1043; x_wconf 61' lang='lat' dir='ltr'>fasta</span> <span class='ocrx_word' id='word_1_13' title='bbox 1095 980 1381 1062; x_wconf 85' lang='lat' dir='ltr'>moresque</span> 
     </span>
     <span class='ocr_line' id='line_1_7' title="bbox 393 1068 1385 1150; baseline -0.003 -19"><span class='ocrx_word' id='word_1_14' title='bbox 393 1070 620 1150; x_wconf 78' lang='lat' dir='ltr'>posteris</span> <span class='ocrx_word' id='word_1_15' title='bbox 649 1069 856 1129; x_wconf 84' lang='lat' dir='ltr'>tradere</span> <span class='ocrx_word' id='word_1_16' title='bbox 886 1071 1193 1149; x_wconf 81' lang='lat' dir='ltr'>antiquitus</span> <span class='ocrx_word' id='word_1_17' title='bbox 1223 1068 1385 1129; x_wconf 83' lang='lat' dir='ltr'>ufita·</span> 
     </span>
     <span class='ocr_line' id='line_1_8' title="bbox 195 1155 1382 1235; baseline -0.001 -19"><span class='ocrx_word' id='word_1_18' title='bbox 195 1172 352 1231; x_wconf 83' lang='lat' dir='ltr'>tum,</span> <span class='ocrx_word' id='word_1_19' title='bbox 390 1178 464 1216; x_wconf 88' lang='lat' dir='ltr'>ne</span> <span class='ocrx_word' id='word_1_20' title='bbox 499 1155 700 1217; x_wconf 80' lang='lat' dir='ltr'>nostris</span> <span class='ocrx_word' id='word_1_21' title='bbox 740 1156 959 1235; x_wconf 87' lang='lat' dir='ltr'>quidem</span> <span class='ocrx_word' id='word_1_22' title='bbox 1002 1156 1382 1235; x_wconf 80' lang='lat' dir='ltr'>temporibus,</span> 
     </span>
     <span class='ocr_line' id='line_1_9' title="bbox 195 1239 1381 1324; baseline 0.002 -24"><span class='ocrx_word' id='word_1_23' title='bbox 195 1263 525 1324; x_wconf 83' lang='lat' dir='ltr'>quamquam</span> <span class='ocrx_word' id='word_1_24' title='bbox 543 1241 813 1303; x_wconf 86' lang='lat' dir='ltr'>incuriosa</span> <span class='ocrx_word' id='word_1_25' title='bbox 831 1239 1050 1302; x_wconf 85' lang='lat' dir='ltr'>suorum</span> <span class='ocrx_word' id='word_1_26' title='bbox 1072 1257 1221 1303; x_wconf 80' lang='lat' dir='ltr'>aetas</span> <span class='ocrx_word' id='word_1_27' title='bbox 1239 1244 1381 1302; x_wconf 89' lang='lat' dir='ltr'>omi-</span> 
     </span>
     <span class='ocr_line' id='line_1_10' title="bbox 193 1329 1382 1408; baseline -0.002 -19"><span class='ocrx_word' id='word_1_28' title='bbox 193 1329 295 1401; x_wconf 85' lang='lat' dir='ltr'>fit,</span> <span class='ocrx_word' id='word_1_29' title='bbox 333 1333 593 1408; x_wconf 74' lang='lat' dir='ltr'>quotiens</span> <span class='ocrx_word' id='word_1_30' title='bbox 631 1350 827 1405; x_wconf 81' lang='lat' dir='ltr'>magna</span> <span class='ocrx_word' id='word_1_31' title='bbox 851 1329 1031 1407; x_wconf 84' lang='lat' dir='ltr'>aliqua</span> <span class='ocrx_word' id='word_1_32' title='bbox 1068 1349 1133 1389; x_wconf 73' lang='lat' dir='ltr'>ac</span> <span class='ocrx_word' id='word_1_33' title='bbox 1171 1330 1382 1388; x_wconf 74' lang='lat' dir='ltr'>nobilis</span> 
     </span>
     <span class='ocr_line' id='line_1_11' title="bbox 195 1412 1384 1490; baseline -0.001 -17"><span class='ocrx_word' id='word_1_34' title='bbox 195 1415 376 1473; x_wconf 77' lang='lat' dir='ltr'>virtus</span> <span class='ocrx_word' id='word_1_35' title='bbox 424 1416 560 1473; x_wconf 83' lang='lat' dir='ltr'>vicit</span> <span class='ocrx_word' id='word_1_36' title='bbox 587 1435 652 1474; x_wconf 79' lang='lat' dir='ltr'>ac</span> <span class='ocrx_word' id='word_1_37' title='bbox 683 1413 1009 1490; x_wconf 75' lang='lat' dir='ltr'>supergressa</span> <span class='ocrx_word' id='word_1_38' title='bbox 1030 1412 1141 1484; x_wconf 90' lang='lat' dir='ltr'>est,</span> <span class='ocrx_word' id='word_1_39' title='bbox 1180 1415 1384 1472; x_wconf 83' lang='lat' dir='ltr'>vitium</span> 
     </span>
     <span class='ocr_line' id='line_1_12' title="bbox 197 1497 1382 1577; baseline 0 -22"><span class='ocrx_word' id='word_1_40' title='bbox 197 1500 386 1577; x_wconf 78' lang='lat' dir='ltr'>parvis</span> <span class='ocrx_word' id='word_1_41' title='bbox 401 1497 719 1575; x_wconf 81' lang='lat' dir='ltr'>magnisque</span> <span class='ocrx_word' id='word_1_42' title='bbox 739 1499 1051 1557; x_wconf 77' lang='lat' dir='ltr'>civitatibus</span> <span class='ocrx_word' id='word_1_43' title='bbox 1067 1513 1382 1566; x_wconf 86' lang='lat' dir='ltr'>commuue,</span> 
     </span>
     <span class='ocr_line' id='line_1_13' title="bbox 196 1580 1386 1660; baseline -0.003 -17"><span class='ocrx_word' id='word_1_44' title='bbox 196 1582 569 1660; x_wconf 80' lang='lat' dir='ltr'><strong>ignorantiam</strong></span> <span class='ocrx_word' id='word_1_45' title='bbox 586 1583 716 1641; x_wconf 61' lang='lat' dir='ltr'>redii</span> <span class='ocrx_word' id='word_1_46' title='bbox 731 1596 787 1639; x_wconf 86' lang='lat' dir='ltr'>et</span> <span class='ocrx_word' id='word_1_47' title='bbox 801 1580 1089 1640; x_wconf 83' lang='lat' dir='ltr'>invidiam.</span> <span class='ocrx_word' id='word_1_48' title='bbox 1133 1581 1221 1641; x_wconf 88' lang='lat' dir='ltr'>sed</span> <span class='ocrx_word' id='word_1_49' title='bbox 1238 1581 1386 1659; x_wconf 80' lang='lat' dir='ltr'>apud</span> 
     </span>
     <span class='ocr_line' id='line_1_14' title="bbox 196 1665 1384 1751; baseline -0.002 -22"><span class='ocrx_word' id='word_1_50' title='bbox 196 1672 408 1751; x_wconf 82' lang='lat' dir='ltr'>priores</span> <span class='ocrx_word' id='word_1_51' title='bbox 438 1683 500 1727; x_wconf 90' lang='lat' dir='ltr'>ut</span> <span class='ocrx_word' id='word_1_52' title='bbox 527 1686 684 1745; x_wconf 82' lang='lat' dir='ltr'>agere</span> <span class='ocrx_word' id='word_1_53' title='bbox 711 1682 1020 1727; x_wconf 86' lang='lat' dir='ltr'>memoratu</span> <span class='ocrx_word' id='word_1_54' title='bbox 1053 1665 1218 1744; x_wconf 78' lang='lat' dir='ltr'>digna</span> <span class='ocrx_word' id='word_1_55' title='bbox 1251 1687 1384 1747; x_wconf 86' lang='lat' dir='ltr'>pro-</span> 
     </span>
     <span class='ocr_line' id='line_1_15' title="bbox 196 1751 1383 1834; baseline -0.002 -19"><span class='ocrx_word' id='word_1_56' title='bbox 196 1775 357 1828; x_wconf 82' lang='lat' dir='ltr'>num,</span> <span class='ocrx_word' id='word_1_57' title='bbox 379 1751 658 1834; x_wconf 81' lang='lat' dir='ltr'>magisque</span> <span class='ocrx_word' id='word_1_58' title='bbox 681 1755 741 1813; x_wconf 85' lang='lat' dir='ltr'>in</span> <span class='ocrx_word' id='word_1_59' title='bbox 759 1767 953 1830; x_wconf 84' lang='lat' dir='ltr'>aperto</span> <span class='ocrx_word' id='word_1_60' title='bbox 973 1768 1090 1812; x_wconf 85' lang='lat' dir='ltr'>erat</span> <span class='ocrx_word' id='word_1_61' title='bbox 1106 1776 1124 1824; x_wconf 80' lang='lat'><em>3</em></span> <span class='ocrx_word' id='word_1_62' title='bbox 1152 1755 1227 1811; x_wconf 86' lang='lat' dir='ltr'>ita</span> <span class='ocrx_word' id='word_1_63' title='bbox 1245 1753 1383 1813; x_wconf 88' lang='lat' dir='ltr'>cele·</span> 
     </span>
     <span class='ocr_line' id='line_1_16' title="bbox 194 1837 1383 1921; baseline 0.001 -22"><span class='ocrx_word' id='word_1_64' title='bbox 194 1843 466 1900; x_wconf 73' lang='lat' dir='ltr'>berrimus</span> <span class='ocrx_word' id='word_1_65' title='bbox 495 1837 722 1920; x_wconf 88' lang='lat' dir='ltr'>quisque</span> <span class='ocrx_word' id='word_1_66' title='bbox 743 1841 1008 1917; x_wconf 84' lang='lat' dir='ltr'>ingenio,</span> <span class='ocrx_word' id='word_1_67' title='bbox 1046 1840 1110 1899; x_wconf 86' lang='lat' dir='ltr'>ad</span> <span class='ocrx_word' id='word_1_68' title='bbox 1141 1840 1383 1921; x_wconf 81' lang='lat' dir='ltr'>proden-</span> 
     </span>
     <span class='ocr_line' id='line_1_17' title="bbox 193 1923 1387 2003; baseline 0.001 -19"><span class='ocrx_word' id='word_1_69' title='bbox 193 1926 319 1986; x_wconf 88' lang='lat' dir='ltr'>dam</span> <span class='ocrx_word' id='word_1_70' title='bbox 344 1929 568 1986; x_wconf 79' lang='lat' dir='ltr'>virtutis</span> <span class='ocrx_word' id='word_1_71' title='bbox 598 1928 918 1986; x_wconf 82' lang='lat' dir='ltr'>memoriam</span> <span class='ocrx_word' id='word_1_72' title='bbox 950 1923 1062 1984; x_wconf 84' lang='lat' dir='ltr'>fine</span> <span class='ocrx_word' id='word_1_73' title='bbox 1091 1928 1267 2003; x_wconf 69' lang='lat' dir='ltr'>gratia</span> <span class='ocrx_word' id='word_1_74' title='bbox 1290 1941 1387 1986; x_wconf 85' lang='lat' dir='ltr'>aut</span> 
     </span>
     <span class='ocr_line' id='line_1_18' title="bbox 195 2010 1389 2087; baseline -0.002 -16"><span class='ocrx_word' id='word_1_75' title='bbox 195 2014 533 2087; x_wconf 79' lang='lat' dir='ltr'>ambitione,</span> <span class='ocrx_word' id='word_1_76' title='bbox 568 2014 744 2071; x_wconf 87' lang='lat' dir='ltr'>bonae</span> <span class='ocrx_word' id='word_1_77' title='bbox 780 2026 993 2069; x_wconf 84' lang='lat' dir='ltr'>tantum</span> <span class='ocrx_word' id='word_1_78' title='bbox 1011 2010 1389 2071; x_wconf 73' lang='lat' dir='ltr'>&#39;conscientiae</span> 
     </span>
     <span class='ocr_line' id='line_1_19' title="bbox 195 2093 1389 2174; baseline -0.001 -20"><span class='ocrx_word' id='word_1_79' title='bbox 195 2099 372 2174; x_wconf 84' lang='lat' dir='ltr'>pretio</span> <span class='ocrx_word' id='word_1_80' title='bbox 396 2095 708 2155; x_wconf 82' lang='lat' dir='ltr'>ducebatur.</span> <span class='ocrx_word' id='word_1_81' title='bbox 752 2117 814 2153; x_wconf 82' lang='lat' dir='ltr'>ac</span> <span class='ocrx_word' id='word_1_82' title='bbox 843 2095 1090 2173; x_wconf 84' lang='lat' dir='ltr'>plerique</span> <span class='ocrx_word' id='word_1_83' title='bbox 1118 2095 1267 2154; x_wconf 81' lang='lat' dir='ltr'>suam</span> <span class='ocrx_word' id='word_1_84' title='bbox 1288 2093 1389 2174; x_wconf 81' lang='lat' dir='ltr'>ipfi</span> 
     </span>
     <span class='ocr_line' id='line_1_20' title="bbox 196 2179 1391 2256; baseline -0.003 -16"><span class='ocrx_word' id='word_1_85' title='bbox 196 2182 371 2240; x_wconf 82' lang='lat' dir='ltr'>vitam</span> <span class='ocrx_word' id='word_1_86' title='bbox 396 2198 634 2252; x_wconf 85' lang='lat' dir='ltr'>narrare,</span> <span class='ocrx_word' id='word_1_87' title='bbox 659 2179 912 2239; x_wconf 84' lang='lat' dir='ltr'>fiduciam</span> <span class='ocrx_word' id='word_1_88' title='bbox 937 2180 1123 2256; x_wconf 86' lang='lat' dir='ltr'>potius</span> <span class='ocrx_word' id='word_1_89' title='bbox 1148 2198 1391 2254; x_wconf 84' lang='lat' dir='ltr'>morum,</span> 
     </span>
     <span class='ocr_line' id='line_1_21' title="bbox 197 2260 1391 2343; baseline 0.003 -21"><span class='ocrx_word' id='word_1_90' title='bbox 197 2283 370 2343; x_wconf 86' lang='lat' dir='ltr'>quam</span> <span class='ocrx_word' id='word_1_91' title='bbox 386 2265 754 2339; x_wconf 78' lang='lat' dir='ltr'>arrogantiam</span> <span class='ocrx_word' id='word_1_92' title='bbox 771 2264 1016 2321; x_wconf 79' lang='lat' dir='ltr'>arbitrati</span> <span class='ocrx_word' id='word_1_93' title='bbox 1033 2260 1154 2322; x_wconf 84' lang='lat' dir='ltr'>sunt</span> <span class='ocrx_word' id='word_1_94' title='bbox 1174 2284 1191 2337; x_wconf 78' lang='lat'>3</span> <span class='ocrx_word' id='word_1_95' title='bbox 1214 2283 1317 2324; x_wconf 87' lang='lat' dir='ltr'>nec</span> <span class='ocrx_word' id='word_1_96' title='bbox 1332 2265 1391 2324; x_wconf 85' lang='lat' dir='ltr'>id</span> 
     </span>
     <span class='ocr_line' id='line_1_22' title="bbox 198 2343 1430 2428; baseline 0.002 -18"><span class='ocrx_word' id='word_1_97' title='bbox 198 2357 287 2410; x_wconf 90' lang='lat' dir='ltr'>Ru</span> <span class='ocrx_word' id='word_1_98' title='bbox 295 2347 417 2428; x_wconf 86' lang='lat' dir='ltr'>tilio</span> <span class='ocrx_word' id='word_1_99' title='bbox 431 2364 487 2406; x_wconf 90' lang='lat' dir='ltr'>et</span> <span class='ocrx_word' id='word_1_100' title='bbox 499 2354 698 2408; x_wconf 83' lang='lat' dir='ltr'>Scauro</span> <span class='ocrx_word' id='word_1_101' title='bbox 715 2351 851 2408; x_wconf 78' lang='lat' dir='ltr'>citra</span> <span class='ocrx_word' id='word_1_102' title='bbox 865 2347 1052 2425; x_wconf 87' lang='lat' dir='ltr'>fidem,</span> <span class='ocrx_word' id='word_1_103' title='bbox 1069 2364 1161 2409; x_wconf 77' lang='lat' dir='ltr'>aut</span> <span class='ocrx_word' id='word_1_104' title='bbox 1181 2351 1390 2412; x_wconf 89' lang='lat' dir='ltr'>obtrec·</span> <span class='ocrx_word' id='word_1_105' title='bbox 1425 2343 1430 2346; x_wconf 36' lang='lat'>⁸</span> 
     </span>
     <span class='ocr_line' id='line_1_23' title="bbox 198 2432 1390 2507; baseline 0.003 -10"><span class='ocrx_word' id='word_1_106' title='bbox 198 2435 404 2497; x_wconf 67' lang='lat' dir='ltr'>nationi</span> <span class='ocrx_word' id='word_1_107' title='bbox 431 2432 576 2507; x_wconf 84' lang='lat' dir='ltr'>fuit;</span> <span class='ocrx_word' id='word_1_108' title='bbox 616 2433 754 2497; x_wconf 81' lang='lat' dir='ltr'>adeo</span> <span class='ocrx_word' id='word_1_109' title='bbox 776 2436 1012 2496; x_wconf 72' lang='lat' dir='ltr'>virtutes</span> <span class='ocrx_word' id='word_1_110' title='bbox 1036 2435 1218 2497; x_wconf 83' lang='lat' dir='ltr'>iisdem</span> <span class='ocrx_word' id='word_1_111' title='bbox 1255 2456 1390 2500; x_wconf 83' lang='lat' dir='ltr'>tem·</span> 
     </span>
     <span class='ocr_line' id='line_1_24' title="bbox 293 2526 924 2582; baseline 0 0"><span class='ocrx_word' id='word_1_112' title='bbox 293 2526 477 2582; x_wconf 68' lang='lat' dir='ltr'>Tou·</span> <span class='ocrx_word' id='word_1_113' title='bbox 509 2541 603 2580; x_wconf 78' lang='lat' dir='ltr'>xv.</span> <span class='ocrx_word' id='word_1_114' title='bbox 862 2526 924 2582; x_wconf 93' lang='lat' dir='ltr'>H</span> 
     </span>
    </p>
   </div>
  </div>
 </body>
</html>
