1759 2992
402 112 521 156 120
591 113 650 154 C.
689 112 1431 154 CORNELIITACITl

388 193 407 222 ‘
433 208 488 249 et
518 197 799 267 Cugernos
823 192 1022 268 quibus
1046 189 1287 251 custodia
1317 188 1576 251 obvenis-

385 275 407 325 ἕ
433 276 530 349 set,
559 297 750 355 parum
788 279 1086 336 intentos!
1128 275 1268 336 duae
1291 279 1405 336 alae
1440 297 1575 335 cum

386 361 613 441 perfuga
629 361 828 437 missae,
845 365 1067 421 incauto
1083 361 1223 420 hosti
1239 363 1576 423 circumfun-

385 447 625 518 duntur-3
675 447 826 526 quod
865 450 961 507 ubi
1000 448 1236 507 clamore
1259 444 1574 527 cognitum,

383 533 631 608 legiones
664 554 696 590 a
731 533 915 593 fronte
957 534 1273 607 incubuere,
1328 532 1580 613 pullique

384 620 647 676 Germani
665 621 913 677 Rhenum
932 617 1060 696 fuga
1079 621 1358 697 petebant.
1383 619 1572 678 debel-

379 702 551 762 latum
570 724 637 762 eo
665 704 754 763 die
769 705 931 779 foret,
971 703 1010 763 fi
1033 710 1282 763 Romana
1304 703 1470 762 claffis
1488 702 1572 761 se-

381 791 481 869 qui
498 789 824 850 maturass'et.
845 812 914 850 ne
928 810 1095 869 eques
1111 790 1331 869 quidem
1348 787 1572 864 institit,

385 891 609 953 repente
621 876 674 935 fu
681 875 744 935 fis
756 879 1095 953 imbribus‚et
1103 877 1419 956 propinqua
1433 896 1575 936 noc-

386 977 463 1023 te.
554 961 769 1023 Postera
793 964 880 1023 die
903 960 1306 1043 quartadecima
1327 962 1473 1040 legio
1502 964 1565 1020 in
1584 970 1663 1031 19

384 1046 717 1126 superiorem
770 1048 1114 1129 provinciam
1158 1049 1321 1107 Gallo
1372 1050 1573 1106 Annio

384 1133 569 1194 missa:
624 1134 852 1193 Cerialis
889 1135 1192 1193 exereitum
1240 1133 1451 1191 decima
1495 1154 1572 1192 ex

380 1216 641 1295 Hispania
667 1217 806 1292 legio
844 1217 1135 1297 supplevit.
1188 1218 1357 1277 Civili
1380 1222 1568 1276 Chau-

377 1323 570 1366 corum
590 1302 793 1362 auxilia
809 1323 1006 1362 venere
1021 1324 1040 1375 ς
1068 1323 1185 1363 non
1201 1319 1384 1363 tamen
1402 1303 1563 1364 ausus

377 1388 641 1469 oppidum
660 1395 993 1449 Batavorum
1015 1391 1181 1449 armis
1199 1391 1360 1464 tueri,
1390 1393 1562 1470 raptis

374 1495 515 1556 quae
535 1475 665 1534 ferri
687 1491 961 1553 poterant,
999 1478 1194 1535 ceteris
1216 1475 1421 1553 injecto
1444 1478 1561 1554 igni

378 1565 438 1621 in
459 1559 685 1622 insulam
709 1560 1002 1621 concessit:
1042 1581 1245 1639 gnarus
1268 1560 1440 1622 deeffe
1461 1583 1558 1620 na·

378 1668 478 1710 ves
506 1646 790 1707 efficiendo
817 1649 999 1725 ponti,
1054 1667 1235 1726 neque
1256 1651 1554 1706 exercitum

377 1740 689 1794 Romanum
712 1732 869 1791 aliter
907 1731 1360 1801 transmiffurum3
1413 1733 1550 1811 quin

377 1832 433 1877 et
448 1818 618 1876 diruit
642 1819 842 1877 molem
859 1839 889 1877 a
902 1817 1082 1877 Druso
1099 1819 1422 1877 Germanico
1443 1817 1548 1874 fac-

374 1919 510 1970 tam,
562 1906 923 1982 Rhenumque
951 1924 1130 1983 prono
1151 1904 1306 1962 alveo
1323 1903 1383 1960 in
1417 1902 1547 1960 Gal·

374 1992 502 2050 liam
527 2003 798 2064 ruentem,
841 1989 1077 2067 disjectis
1100 2008 1237 2068 quae
1259 1990 1549 2047 moraban-
1705 1998 1706 2073 i

377 2072 492 2147 tur,
530 2072 743 2133 effudit.
790 2074 860 2134 fic
885 2074 1032 2135 velut
1055 2077 1243 2134 abafto
1267 2095 1451 2145 amne,
1474 2089 1551 2132 te-

374 2164 500 2219 nuis
517 2158 958 2234 alveu5,insulam
969 2163 1114 2221 inter
1125 2159 1551 2239 Germanosque,

375 2248 781 2305 continentium
799 2261 1064 2308 terrarum
1087 2245 1313 2326 speeiem
1335 2244 1551 2306 fecerat.

374 2330 627 2389 tranfiere
642 2333 897 2390 Rhenum
908 2338 1097 2391 Tutor
1111 2347 1398 2412 quoqueet
1411 2331 1554 2391 Clas·

374 2408 532 2490 ficus,
576 2432 631 2476 et
655 2430 876 2480 centum
901 2419 1165 2483 tredecim
1188 2424 1551 2482 Treverorum
