1759 2992
296 687 303 696 .
355 679 369 693 ·
398 642 677 713 accidisse,
718 658 779 702 ut
812 644 1038 720 longius
1076 641 1209 703 abfit
1236 642 1497 703 Aeschine
1528 661 1584 703 et

414 135 538 194 240
670 131 1326 175 neuun-roenna

403 236 522 295 quo
549 214 804 287 vestrum,
832 231 895 273 ut
916 212 1120 274 caussae
1149 215 1313 292 hujus
1341 210 1577 274 infinitae

400 300 745 361 differentiae
778 300 1045 360 scrutetur
1080 321 1144 361 ac
1179 301 1407 374 reddet,
1441 320 1576 380 quas

399 407 618 447 mecum
658 385 768 467 ipfi:
807 387 1132 465 plerumque
1172 389 1477 464 conquiro3
1523 400 1578 444 et

400 473 557 552 quod
575 471 898 551 quibusdam
927 471 1124 549 solatio
1151 470 1249 546 est,
1270 474 1403 531 mihi
1427 486 1581 549 auget

400 557 770 637 quaestionem
787 600 807 633 ‚
848 559 980 636 quia
1020 557 1182 617 video
1212 560 1376 616 etiam
1402 559 1579 635 Grajis

403 727 771 789 Demosthene
793 728 1039 789 sacerdos
1068 726 1161 788 iste
1181 731 1402 787 Nicetes
1418 773 1435 803 ,
1466 744 1522 788 et
1546 726 1587 789 fi

396 819 533 896 quis
559 814 696 875 alius
721 814 986 894 Ephesum
1017 814 1106 874 vel
1131 815 1429 893 Mitylenae
1452 835 1586 875 con·

402 918 592 961 tentus
626 900 1060 961 scholasticorum
1089 900 1418 961 clamoribus
1452 920 1588 979 qua-

404 990 512 1060 tit,
550 1007 715 1066 quam
739 987 875 1047 Afer
910 1004 1006 1046 aut
1041 987 1332 1047 Africanus
1356 1002 1448 1045 aut
1484 1006 1587 1046 vos

401 1073 500 1152 ipfi
548 1095 579 1131 a
621 1076 890 1132 Cicerone
928 1088 1024 1131 aut
1063 1071 1254 1131 Afinio
1297 1070 1587 1133 receffistis.

404 1166 690 1233 Magnam,
728 1153 914 1234 inquit
942 1156 1252 1228 Secundus,
1280 1171 1338 1214 et
1359 1156 1706 1232 dignarum

395 1247 623 1301 tractatu
648 1239 1011 1319 quaestionem
1040 1238 1285 1299 movisti·
1327 1239 1414 1298 std
1454 1246 1593 1320 quis

395 1347 513 1386 eam
528 1324 722 1402 justius
736 1325 1089 1404 explicaverit
1102 1344 1268 1404 quam
1285 1339 1372 1398 tu,
1400 1325 1469 1385 ad
1487 1348 1593 1386 cu·
1609 1401 1622 1409 .

391 1412 488 1491 jus
524 1411 786 1471 summam
822 1410 1186 1471 eruditionem
1215 1425 1271 1469 et
1309 1411 1592 1490 praestan-

399 1499 645 1558 tissimum
669 1499 949 1575 ingenium
976 1517 1104 1558 cura
1133 1517 1359 1575 quoque
1394 1514 1450 1557 et
1472 1520 1591 1558 me-

397 1584 593 1643 ditatio
610 1584 852 1644 accessit?
878 1600 934 1642 et
951 1582 1202 1656 Messalla,
1245 1585 1479 1661 apetiam
1497 1588 1590 1642 in·
1705 1629 1706 1662 5

395 1672 542 1749 quit,
567 1672 935 1746 cogitationes
960 1689 1124 1741 meae,
1153 1667 1190 1727 fi
1213 1669 1349 1727 illud
1372 1691 1403 1727 a
1421 1670 1587 1727 vobis
1705 1671 1706 1732 l

395 1769 524 1814 ante
539 1757 916 1833 impeti-avem,
943 1771 1003 1812 ut
1020 1773 1122 1812 vos
1141 1772 1364 1830 quoque
1378 1753 1594 1813 sermo-

391 1860 518 1898 nem
544 1842 689 1897 bunc
714 1838 953 1898 nostrum
975 1838 1262 1913 adjuvetiS.
1289 1857 1416 1914 pro
1439 1838 1608 1897 duo-

392 1927 528 1992 bus,
557 1926 738 2002 inquit
771 1930 1073 1994 Μαῖα-τως,
1108 1922 1419 1999 promitto,
1399 1944 1415 1961 ·
1449 1943 1590 1985 nam

393 2023 448 2069 et
469 2030 572 2086 ego
596 2025 649 2067 et
672 2009 949 2067 Secundus
969 2004 1330 2086 exsequemur
1357 2025 1548 2090 partes
1569 2051 1593 2083 ‚

395 2116 528 2176 quas
548 2092 977 2155 intellexerimus
1001 2108 1055 2153 te
1076 2113 1192 2155 non
1220 2109 1334 2153 tam
1352 2098 1466 2153 omi
1472 2093 1594 2238 fig

394 2203 558 2262 quam
582 2182 744 2240 nobis
766 2180 1053 2259 reliquisse.
1102 2189 1312 2258 Aprum
1328 2183 1481 2239 enim

392 2269 504 2327 lere
525 2266 812 2337 dissentire,
843 2283 898 2327 et
922 2283 985 2326 tu
1017 2266 1199 2345 paullo
1223 2281 1349 2325 ante
1372 2263 1593 2339 dixisti,

391 2352 579 2429 etipse
602 2353 725 2412 satis
753 2352 1061 2413 manifestus
1085 2349 1158 2409 est
1170 2350 1537 2427 jamdudum
1522 2370 1594 2409 m

388 2442 729 2499 contrarium
761 2441 1006 2518 accingi;
1046 2456 1149 2498 nec
1170 2456 1348 2517 aequo
1387 2437 1598 2496 animo
