1759 2992
365 144 449 208 52
547 145 607 186 c.
641 143 1033 185 contentu
1073 144 1357 188 ractrt

362 229 385 262 ‘
406 245 592 288 menta
602 243 684 299 ,et
696 225 1066 306 supremorum
1082 230 1371 305 imaginem
1389 247 1553 307 prae-

362 314 383 347 ‘
411 313 543 373 senti
569 313 660 373 fibi
685 314 1046 386 circumdat23
1094 334 1220 373 cum
1250 331 1550 375 contume-

361 399 383 433 ‘
406 401 492 458 liis
509 415 564 458 et
583 400 822 478 probris,
834 401 1048 478 quaein
1066 396 1303 458 senatum
1320 402 1552 458 univer-

363 484 385 517 ‘
410 484 523 543 sum
541 485 904 560 jacerentur.'
927 485 1109 541 vocati
1128 486 1222 561 qui
1239 487 1556 560 argueban-

360 584 473 628 tur.
505 584 562 627 et
577 571 800 643 cognita
815 566 1009 636 caussa,
1033 570 1089 625 in
1110 570 1396 627 convictos
1419 572 1557 628 vin-

356 653 594 712 dicatum
604 695 618 711 .
634 653 984 730 additumque
997 649 1551 727 senatusconsultum,

359 757 474 818 quo
489 736 813 798 Senienfium
835 738 1016 816 plebes
1040 735 1322 795 modestiae
1345 735 1550 796 admo-

360 838 603 884 neretur.
649 822 833 883 iisdem
858 823 1047 882 diebus
1071 823 1347 881 Antonius
1362 821 1551 882 Flam-

363 930 456 970 ma
487 907 885 989 Cyrenenfibus
913 906 1219 980 damnatur,
1247 908 1363 984 lege
1394 928 1557 987 repe·

364 994 680 1069 tundarum,
700 1011 755 1054 et
769 992 959 1053 exsilio
977 994 1051 1052 ob
1065 991 1358 1052 saevitiam.
1406 995 1558 1054 inter

362 1082 767 1162 quaemilitaris
778 1078 971 1138 seditio
979 1090 1149 1158 prope
1157 1076 1368 1138 exarfit.
1381 1085 1543 1138 Prae·
1564 1090 1657 1162 46

366 1169 643 1226 torinnam
665 1164 915 1224 militiam
938 1164 1252 1243 repetebant
1273 1184 1305 1221 a
1318 1165 1555 1226 Vitellio

362 1250 579 1324 dimini,
626 1270 727 1330 pro
748 1247 1081 1327 Vespasiano
1101 1253 1456 1326 congregati:
1496 1267 1557 1311 et

361 1334 536 1395 leflus
565 1337 624 1394 in
648 1333 875 1394 eandem
902 1330 1046 1413 spem
1063 1355 1094 1392 e
1114 1335 1429 1410 legionibus
1445 1337 1558 1396 mi·

363 1419 468 1488 les,
518 1418 773 1499 promissa
813 1418 1077 1498 stipendia
1120 1421 1417 1497 flagitabat.
1479 1442 1557 1483 ne

364 1506 650 1566 Vitelliani
666 1504 911 1585 quidem,
927 1503 1037 1564 fine
1053 1505 1221 1564 multa
1236 1505 1417 1581 caede,
1435 1507 1557 1586 pel·

364 1591 407 1652 li
435 1607 708 1672 poterant.
758 1590 1022 1669 ingressus
1046 1590 1212 1649 cassra
1233 1594 1554 1668 Mucianus,

364 1698 483 1757 quo
499 1681 694 1738 rectius
718 1675 989 1756 stipendia
1003 1676 1327 1753 singulorum
1353 1676 1556 1756 speeta-

365 1777 472 1836 ret,
510 1762 617 1821 suis
635 1782 757 1822 cum
777 1760 1075 1839 insignibus
1093 1761 1359 1839 armisque
1373 1766 1552 1823 victo-

364 1866 454 1906 res
492 1846 797 1920 constituit,
839 1847 1071 1907 modicis
1093 1849 1235 1906 inter
1271 1846 1324 1907 se
1361 1850 1552 1927 spatiis

362 1928 647 1991 discretos.
665 1948 783 1990 tum
796 1932 1103 2006 Vitelliani,
1120 1953 1264 2012 quos
1281 1933 1423 2013 apud
1438 1940 1551 1993 Bo-

362 2016 524 2077 villas
551 2018 611 2075 in
641 2016 976 2076 deditionem
1000 2033 1257 2098 acceptos
1279 2039 1548 2079 memora·

362 2104 571 2178 vimuS,
603 2105 877 2180 ceterique
893 2122 991 2181 per
1014 2105 1222 2178 urbem,
1253 2120 1309 2164 et
1324 2106 1443 2163 urbi
1463 2107 1551 2164 vi·

361 2190 487 2249 eina
506 2187 821 2268 conquifiti,
861 2189 1241 2268 producuntur
1266 2209 1437 2269 prope
1459 2194 1552 2250 in·

362 2279 510 2334 tecto
536 2293 791 2354 corpore.
847 2276 866 2306 ‘
892 2295 991 2334 eos
1024 2276 1318 2335 Mucianus
1342 2273 1551 2349 diduci,

362 2359 384 2390 ‘
405 2373 461 2415 et
481 2362 874 2421 Germanicum
896 2362 1385 2438 Britannicumque
1401 2359 1549 2418 mili·

360 2441 384 2523 ,⁸
411 2456 540 2519 tem,
565 2465 626 2506 ac
648 2444 687 2505 fi
711 2448 804 2526 qui
828 2446 1061 2508 aliorum
1076 2448 1435 2524 exercituum,
1463 2442 1546 2505 se·
