1759 2992
5 0 154 100 Es

418 143 641 197 301.ss
678 143 1217 188 Acritan-rii.
1298 142 1411 199 171

237 229 381 292 redit
403 234 616 300 animus
630 273 648 304 ,
685 244 740 289 et
760 237 1090 309 quamquam
1117 231 1295 308 primo
1319 229 1417 290 sta·

243 318 345 377 tim
369 316 636 377 beatissimi
660 312 850 375 saeculi
871 330 995 374 ortu
1020 322 1208 375 Nerva
1226 315 1418 377 Caesar

239 423 328 463 res
354 405 484 462 olim
509 400 866 462 diffociabiles
890 400 1181 478 miscuerit,
1211 404 1418 481 princi·

239 492 425 569 patum
442 510 506 550 ac
523 490 844 563 libertatem,
865 503 1167 568 augeatque
1189 487 1418 548 cottidie

237 574 547 635 felicitatem
561 576 776 655 imperii
793 581 978 635 Nerva
993 574 1297 651 Trajanus‚
1314 594 1420 635 nec

236 658 381 742 spem
398 660 565 722 modo
589 683 653 721 ac
675 675 869 722 votum
902 659 1154 720 securitas
1177 660 1419 741 publica,

233 745 325 807 sed
339 749 353 805 i
360 746 500 827 pfius
514 751 633 808 voti
646 747 996 822 fiduciam‚ac
1009 749 1174 806 robur
1186 745 1418 826 assump-

235 832 400 904 serit3
441 849 634 892 natura
669 849 847 892 tamen
870 830 1203 891 infirmitatis
1230 834 1418 891 huma·

234 934 360 990 nae,
373 918 613 977 tardiora
629 916 754 975 sunt
767 916 1001 975 remedia
1015 933 1178 994 quam
1192 918 1350 990 mala,
1362 931 1421 975 et

239 1018 301 1061 ut
319 1023 552 1082 corpora
576 1003 722 1061 lente
744 998 1058 1078 augescunt,
1082 1003 1196 1059 cito
1217 999 1419 1060 exstin-

234 1102 512 1166 guuntur,
556 1084 626 1147 fic
651 1089 866 1166 ingenia
889 1085 1169 1166 studiaque
1197 1085 1419 1167 oppres·

235 1174 364 1234 seris
398 1172 646 1244 facilius,
681 1194 846 1252 quam
871 1173 1232 1236 revocaverit.
1279 1172 1418 1233 subit

231 1262 620 1340 quippe‘etiam
638 1259 797 1341 ipfius
820 1262 1050 1321 inertiae
1064 1258 1296 1321 dulcedo
1309 1280 1328 1319 t
1356 1277 1416 1321 et

231 1344 409 1404 invisa
448 1347 628 1425 ‘primo
652 1346 849 1407 defidia
871 1344 1142 1427 postremo
1182 1362 1414 1409 amatur.

234 1431 371 1509 quid
410 1429 448 1488 fi
482 1450 575 1511 pet·
612 1431 925 1509 quindecim
961 1452 1139 1491 annos
1159 1474 1178 1504 ,
1216 1431 1417 1509 grande

233 1514 484 1574 mortalis
520 1518 641 1574 aevi
664 1514 893 1595 spatium
911 1558 929 1585 ,
975 1517 1134 1575 multi
1170 1515 1418 1576 fortuitis

231 1599 438 1661 casibus
454 1643 472 1673 ,
504 1601 927 1680 promptissimus
949 1601 1175 1681 quisque
1197 1601 1419 1661 saevitia

230 1688 502 1767 principis
525 1686 955 1747 interciderunt?
985 1689 1161 1768 pauci,
1185 1704 1240 1747 et
1263 1702 1322 1747 ut
1339 1689 1417 1747 ita

230 1772 484 1842 dixerim,
511 1792 628 1832 non
653 1771 819 1833 modo
835 1774 1090 1851 aliorum,
1127 1773 1214 1833 sed
1246 1777 1414 1836 etiam

231 1859 397 1919 nostri
420 1856 721 1938 superstites
739 1858 943 1937 sumus,
963 1863 1232 1940 exemptis
1250 1883 1279 1921 e
1298 1880 1413 1920 me·

227 1945 318 2004 dia
336 1948 448 2005 vita
465 1962 552 2004 tot
567 1950 754 2019 annis,
779 1949 979 2025 quibus
997 1949 1232 2025 juvenes
1250 1946 1318 2006 ad
1333 1945 1412 2006 se·

230 2034 524 2102 meantem,
553 2028 704 2090 senes
730 2053 901 2111 prope
934 2033 1000 2092 ad
1025 2032 1168 2111 ipsos
1193 2036 1413 2092 exactae

230 2117 423 2172 aetatis
440 2119 702 2182 terminos
722 2138 817 2194 per
840 2113 1104 2176 filentium
1121 2121 1409 2187 venimu8;

231 2217 349 2257 non
369 2214 549 2258 tamen
573 2203 775 2278 pigebit
791 2201 879 2261 vel
906 2202 1192 2262 incondita
1214 2223 1275 2260 ac
1292 2199 1414 2261 rudi

232 2304 372 2344 voce
391 2288 707 2344 memoriam
723 2287 921 2365 prioris
938 2283 1208 2347 servitutis
1231 2309 1294 2347 ac
1310 2287 1413 2348 tes·

230 2372 521 2431 timonium
559 2370 920 2451 praesentium
958 2375 1230 2434 bonorum
1257 2394 1412 2435 com·

229 2455 483 2540 posuiffe.
526 2459 617 2522 hic
632 2460 689 2520 in
697 2459 852 2519 terim
869 2458 1006 2523 liber
1022 2463 1222 2524 honori
1247 2472 1288 2523 A
1299 2462 1408 2541 gri*

748 2551 806 2610 H
856 2566 893 2612 2
