1759 2992
432 147 551 192 220
680 144 1344 188 ntoRA’rontnus

421 227 620 286 nostris
659 228 796 286 male
827 225 1243 286 existimandum
1268 226 1362 301 fit,
1400 225 1438 286 fi
1459 226 1607 290 idem

419 312 620 392 assequi
638 333 756 374 non
779 311 1074 391 possumus»,
1099 330 1192 372 aut
1208 312 1276 372 de
1292 314 1537 390 judiciis,
1564 315 1607 375 fi

421 399 702 472 nolumus,
742 401 842 459 vix
871 398 1091 459 hercule
1120 397 1395 474 auderem,
1420 398 1460 459 fi
1486 422 1607 461 mea

422 483 693 544 sententia
714 483 1036 565 proferenda
1052 528 1073 560 ‚
1108 505 1171 543 ac
1205 505 1322 544 non
1346 483 1605 545 disertissi-

418 590 637 629 morum
656 613 676 646 ,
717 585 777 628 ut
799 569 993 630 nostris
1020 573 1362 650 temporibus
1382 615 1401 645 ,
1424 574 1606 632 homi-

417 675 555 716 num
574 654 748 715 sermo
772 656 1097 737 repetendus
1122 656 1247 716 ess'et
1270 678 1288 728 ;
1311 676 1456 737 quos
1478 677 1609 717 ean-

417 739 544 801 dem
580 744 725 802 hane
767 740 1135 822 quaestionem
1177 747 1567 821 pertractantes
1584 786 1608 820 ,

412 827 642 907 juvenis
658 827 949 889 admodum
966 828 1169 888 audivi.
1216 830 1293 887 ita
1314 849 1433 889 non
1451 832 1609 909 inge-

418 915 541 990 nio,
572 913 659 975 sed
682 917 946 977 memoria
968 936 1032 976 ac
1064 914 1441 975 tecm-datione
1462 937 1611 993 opus

419 998 517 1076 est,
540 1016 600 1060 ut
616 1022 754 1080 quae
770 1022 799 1060 a
817 1001 1261 1080 praestantissimis
1279 1002 1408 1060 viris
1432 1016 1488 1060 et
1507 1023 1611 1061 ex-

418 1089 661 1164 cogitata
679 1085 969 1158 subtiliter,
1003 1102 1059 1145 et
1073 1088 1211 1145 dieta
1238 1087 1484 1162 graviter
1513 1108 1618 1148 ac·

417 1173 562 1249 cepi,
601 1192 723 1229 cum
753 1170 945 1247 singuli
977 1170 1216 1228 diversas
1248 1171 1335 1228 vel
1366 1170 1615 1249 easdem,

414 1253 506 1322 sed
527 1246 829 1332 probitbiles
845 1253 1026 1316 causas
1042 1255 1314 1325 afferrent,
1334 1253 1463 1334 dpm
1480 1256 1620 1316 for-

413 1359 558 1399 mam
574 1338 650 1399 sui
667 1338 893 1419 quisque
911 1356 966 1400 et
977 1342 1166 1409 animi,
1181 1355 1237 1398 et
1253 1341 1460 1417 ingenii
1477 1344 1617 1403 red·

415 1425 589 1501 deret,
615 1425 797 1485 iisdem
819 1448 970 1489 nunc
991 1429 1235 1487 numeris
1249 1470 1266 1497 ‚
1303 1426 1613 1507 iisdemque

418 1515 729 1578 tationibus
745 1511 1279 1593 pei-sequar,servato
1295 1511 1482 1573 ordine
1497 1514 1596 1573 dis
1583 1547 1611 1561 -

416 1600 757 1680 putationis;
793 1621 973 1681 neque
996 1602 1140 1659 enim
1163 1599 1330 1659 defuit
1349 1643 1368 1673 ,
1398 1600 1491 1677 qui
1517 1600 1610 1659 di-

415 1684 625 1746 versam
667 1706 891 1766 quoque
925 1702 1140 1765 partem
1182 1685 1460 1763 susciperet
1477 1727 1500 1759 ,
1537 1706 1611 1745 ac

415 1773 647 1831 multum
681 1788 880 1831 vexata
909 1786 964 1828 et
985 1770 1132 1829 irrisa
1161 1771 1446 1846 vetustate,
1472 1772 1609 1831 nos·

415 1869 623 1914 trorum
641 1872 945 1932 temporum
958 1855 1325 1931 eloquentiam
1340 1856 1491 1935 antiq
1498 1878 1609 1916 uo·

414 1960 536 2000 rum
554 1942 788 2017 ingeniis
805 1938 1119 2006 anteferret.
1205 1946 1349 1998 Nam
1368 1940 1600 2018 postero
1617 1971 1654 2013 2

415 2025 503 2086 die
525 2046 685 2105 quam
702 2026 1006 2092 accuratius
1022 2032 1305 2084 Maternus
1322 2030 1606 2087 Catonem
1647 2073 1654 2081 .

416 2111 738 2174 recitaverat
756 2154 775 2187 ‚
826 2132 954 2173 cum
1009 2110 1028 2143 ‘
1071 2108 1350 2180 offendisse
1394 2127 1610 2190 poten-

418 2206 437 2233 ‘
465 2201 602 2260 tium
639 2201 850 2276 animos
885 2198 1154 2257 diceretur
1174 2240 1191 2268 ‚
1229 2211 1506 2277 tamquam
1534 2200 1607 2258 in

413 2284 436 2317 ‘
457 2306 528 2345 eo
554 2286 862 2363 tragoediae
893 2299 1214 2362 argumento
1253 2283 1329 2342 sui
1367 2283 1606 2358 obiitne,

414 2369 436 2411 ἕ
461 2384 677 2430 tantum
701 2377 971 2431 Catonem
994 2368 1312 2447 cogitass‘et,'
1336 2388 1505 2447 eaque
1527 2369 1608 2429 de

407 2461 471 2512 ’τε
491 2473 589 2531 per
608 2455 795 2517 urbem
819 2456 1075 2537 frequens
1100 2455 1273 2519 sermo
1287 2457 1601 2527 haberetur,
