1759 2992
353 107 429 146 m
453 105 744 148 ετοιῐᾼ
766 106 920 148 Rom
967 105 1103 148 ιη.
1142 104 1235 147 tv.
1308 103 1392 168 49

212 184 242 221 ‘
259 186 512 265 ignotum
530 188 703 249 adhuc
717 189 1027 266 ingenium,
1054 202 1109 246 et
1124 185 1396 258 nullisne-

211 273 234 305 ‘
258 272 596 333 fenfionibus
608 289 915 353 expertum,
936 273 1099 333 caede
1110 273 1280 332 nobili
1293 276 1395 332 im·

212 358 238 391 ‘
257 359 416 418 buisti
430 381 450 431 3
466 380 591 419 cum
607 380 680 418 ex
695 358 887 419 funere
903 359 1250 439 reipublicae,
1271 378 1396 438 rap·

210 448 236 477 ⁸
251 447 323 503 tis
346 443 718 507 consularibus
738 442 945 525 spoliis,
983 435 1281 523 stptuagies',
1298 440 1398 501 ses-

209 530 235 563 ‘
250 534 417 591 tertio
440 530 727 610 saginatus,
756 547 811 590 et
838 530 1139 592 sacerdotio
1159 529 1398 608 fulgens,

213 616 517 679 ‘innoxios
540 637 758 698 puel-03,
794 615 1022 676 illustres
1047 614 1222 685 senez,
1255 637 1394 676 con·

211 702 234 734 ‘
252 704 461 783 spicnas
483 703 752 764 foeminas
772 703 962 762 eadem
987 705 1144 762 ruina
1169 702 1396 782 proster-

212 788 234 822 ‘
253 807 445 849 neres}
483 811 607 849 cum
623 787 905 866 segnitiam
927 792 1171 848 Neronis
1189 788 1396 849 incusa-

166 874 169 879 ’
212 880 232 906 ‘
257 895 370 948 res,
384 875 535 953 quod
556 896 650 953 per
666 874 903 951 lingulas
923 872 1145 947 domos,
1164 872 1322 952 seque
1343 890 1398 932 et

210 962 232 992 ‘
258 958 527 1018 delatores
540 959 787 1034 fatigaret
801 980 816 1017 ε
839 957 987 1039 poffe
999 957 1309 1017 universum
1323 959 1401 1019 se·

210 1045 233 1078 ‘
253 1061 451 1104 natum
468 1065 577 1104 una
593 1065 730 1104 voce
745 1042 1001 1103 subverti.
1036 1046 1290 1118 retinete,
1308 1065 1401 1125 pa-

211 1132 234 1165 ‘
260 1148 369 1191 tres
393 1129 710 1210 conscripti,
748 1146 804 1190 et
832 1128 1100 1190 reservate
1118 1131 1398 1192 hominem

212 1218 232 1250 ‘
251 1234 361 1278 tam
379 1217 618 1297 expediti
630 1216 866 1291 confilii,
880 1233 944 1276 ut
954 1218 1137 1277 omnis
1149 1232 1295 1277 aetas
1310 1220 1398 1278 in·

215 1304 236 1336 ‘
261 1305 454 1363 strufla
487 1303 581 1362 fit:
625 1320 679 1361 et
710 1303 994 1381 quomodo
1033 1302 1184 1364 senes
1224 1303 1395 1364 nostri

218 1389 239 1422 ‘
262 1388 606 1461 Marcellum,
632 1388 913 1469 Crispnm3
940 1390 1198 1465 juvence,
1215 1395 1401 1466 Regu·

223 1473 242 1503 ‘
261 1472 376 1531 lum
399 1474 706 1531 imitentur.
741 1476 954 1531 invenit
974 1476 1134 1532 etiam
1156 1476 1400 1534 aemulos

218 1556 239 1589 ⁴
265 1557 464 1617 infelix
481 1558 754 1634 nequitia3
783 1556 915 1635 quid
933 1556 969 1614 fi
988 1557 1180 1616 floreat
1193 1561 1403 1635 vigeat·

220 1647 238 1676 ‘
263 1663 374 1722 que
390 1643 413 1701 ?
431 1654 485 1700 et
500 1661 663 1720 quem
676 1644 848 1702 adhuc
859 1641 1218 1721 quaestorium
1228 1643 1408 1705 offen-

216 1730 237 1762 ‘
260 1729 391 1789 dere
407 1748 530 1789 non
546 1728 826 1804 audemus,
844 1733 1177 1808 praetorium
1192 1747 1247 1791 et
1261 1753 1404 1792 con—

216 1815 237 1848 ‘
260 1814 490 1876 solarem
525 1813 688 1874 visuri
728 1813 907 1874 sumus
933 1815 955 1875 ?
1011 1839 1080 1877 an
1117 1825 1398 1887 Neronem

216 1902 235 1934 ‘
258 1919 564 1961 extremum
583 1901 934 1963 dominorum
966 1907 1211 1983 putatis?
1253 1908 1402 1967 idem

217 1987 237 2021 ‘
259 1987 626 2062 crediderant,
648 1991 1012 2068 quiTiberiO,
1037 1995 1131 2071 qui
1148 1997 1289 2052 Caio
1311 1991 1401 2052 su-

218 2074 238 2107 ‘
261 2074 500 2153 perstites
518 2073 768 2134 fueruntz
802 2096 925 2135 cum
943 2079 1163 2136 interim
1182 2077 1402 2136 intesta-

218 2160 238 2194 ‘
262 2161 448 2234 bilior,
488 2174 546 2216 et
567 2158 777 2219 saevior
791 2177 1021 2220 exortus
1043 2163 1137 2220 est.
1186 2183 1304 2220 non
1330 2165 1402 2221 ti·

217 2252 237 2278 ‘
259 2266 472 2306 memus
489 2243 873 2323 Vespasianum
891 2270 909 2305 z
941 2267 1003 2305 ea
1024 2249 1290 2327 principis
1315 2269 1403 2309 ae·

220 2332 242 2366 ‘
265 2346 373 2406 tas,
414 2351 475 2390 ea
501 2330 827 2391 moderatio.
872 2330 961 2392 sed
985 2332 1186 2392 diutius
1207 2332 1409 2396 durant

221 2417 242 2451 ‘
267 2416 543 2496 exempla,
586 2435 750 2495 quam
786 2438 993 2482 mores,
1054 2417 1414 2500 elanguimus,

307 2507 493 2566 ΤοΜ.
544 2520 638 2563 ιν.
816 2508 863 2560 C
