1759 2992
333 168 456 232 134
545 169 603 210 c.
634 167 1029 212 conatur
1063 170 1357 214 *sacru

324 253 456 323 telo,
504 269 672 333 prout
704 255 849 313 ratio
893 251 1091 333 poscit,
1146 254 1236 315 vel
1264 253 1526 315 cominus

322 341 414 401 vel
438 342 658 400 eminus
683 355 966 419 pugnent;
1018 357 1075 400 et
1102 361 1275 421 eques
1299 338 1528 420 quidem

324 426 479 488 scuto
501 426 816 505 frameaque
837 442 1142 486 contentus
1162 427 1271 499 est3
1308 427 1526 505 pedites

323 529 380 574 et
398 513 603 574 miffilia
617 510 897 589 spargunt,
918 512 1188 590 pluraque
1202 512 1418 590 finguli,
1435 528 1525 573 at·

321 620 429 679 que
452 603 508 657 in
526 595 847 677 immensum
870 600 1092 656 vibrant
1109 621 1125 654 ε
1158 600 1294 656 nudi
1310 614 1409 656 aut
1425 597 1516 659 sa-

319 686 452 762 gulo
476 686 663 756 leven
707 682 860 742 nulla
889 683 1068 743 cultus
1088 684 1341 760 jaCtatio:
1387 682 1514 744 scu·

218 843 233 847 ³
321 786 377 830 ta
399 786 611 830 tantum
636 769 920 829 lefflffimis
944 769 1218 830 coloribus
1240 767 1511 846 distingu-

321 875 427 917 unt
451 857 633 938 paucis
657 856 888 915 loricae:
923 857 1022 915 vix
1039 857 1135 914 uni
1152 855 1372 914 alterive
1394 854 1511 915 cas·

318 942 412 1020 fis,
435 959 528 1004 aut
551 943 725 1021 galea.
772 944 903 1020 equi
925 963 1043 1001 non
1059 941 1260 1015 forma,
1283 961 1396 1001 non
1413 962 1513 1001 ve-

324 1030 547 1091 locitate
569 1026 881 1108 conspicui;
934 1027 1021 1087 sed
1050 1049 1151 1087 nec
1182 1030 1393 1086 variare
1416 1048 1519 1105 gy·

325 1136 419 1175 roz
437 1118 495 1174 in
511 1135 719 1195 morem
737 1112 982 1172 nostrum
1000 1114 1293 1172 docentur.
1315 1115 1376 1170 in
1397 1134 1519 1172 rec·

322 1215 437 1259 turn
476 1214 572 1256 aut
613 1218 730 1256 uno
757 1199 902 1257 flexu
944 1200 1171 1256 dextros
1193 1213 1386 1274 agunt,
1429 1200 1513 1258 ita

319 1286 624 1361 conjuncto
647 1284 802 1351 orbe,
848 1299 911 1342 ut
933 1303 1099 1342 nemo
1133 1283 1399 1362 posterior
1421 1282 1508 1343 fit.

320 1375 380 1432 in
400 1367 709 1428 universum
732 1367 1056 1441 aestimanti,
1081 1369 1203 1447 plus
1227 1390 1395 1447 penes
1416 1390 1515 1449 pe·

321 1458 486 1518 ditem
525 1457 772 1515 roboris:
830 1476 1011 1533 eoque
1043 1458 1204 1514 mixti
1232 1457 1511 1533 proelian-

323 1560 434 1614 tur,
478 1556 604 1623 apta
634 1557 689 1599 et
726 1560 1068 1619 congruente
1107 1542 1175 1601 ad
1210 1543 1512 1621 equestrem

321 1650 562 1713 pugnam
573 1627 861 1689 velocitate
874 1630 1138 1708 peditum,
1152 1649 1376 1707 quosex
1388 1650 1508 1689 om·

323 1719 685 1794 nijuventute
700 1715 939 1774 delestos
961 1733 1091 1774 ame
1101 1718 1266 1773 aciem
1292 1714 1496 1774 locant.

323 1803 583 1861 definitur
599 1818 654 1860 et
678 1820 967 1860 numerus:
1008 1803 1222 1861 centeni
1236 1819 1307 1857 ex
1322 1798 1498 1875 fingu-

322 1887 392 1948 lis
419 1889 570 1966 pagis
608 1886 766 1947 suntz
812 1887 979 1965 idque
1016 1885 1181 1965 ipsum
1213 1888 1355 1942 inter
1374 1883 1495 1944 suos

321 1990 628 2044 vocantur3
659 1988 717 2032 et
731 1973 881 2051 quod
902 1975 1079 2051 primo
1096 1991 1354 2030 numerus
1371 1970 1496 2044 suit,

315 2061 430 2139 jam
456 2079 663 2119 nomen
685 2075 740 2118 et
765 2062 945 2117 honor
965 2057 1057 2118 est.
1120 2061 1257 2116 acies
1284 2076 1381 2135 per
1405 2078 1499 2116 cu·

321 2166 458 2205 neos
476 2146 850 2222 componitur.
874 2145 1067 2204 cedere
1085 2145 1232 2214 loco,
1252 2144 1499 2203 dummo-

319 2232 395 2291 do
420 2229 597 2291 rursus
623 2229 810 2304 insteS,
844 2230 1055 2289 confilii
1072 2251 1237 2309 quam
1255 2229 1502 2288 formidi-

319 2320 405 2372 nis
442 2318 798 2376 arbitrantur.
844 2336 1082 2395 corpora
1103 2316 1320 2375 suorum
1343 2317 1499 2373 etiam

317 2399 377 2454 in
394 2399 575 2458 dubiis
592 2402 814 2478 proeliis
833 2401 1101 2461 referunt.
1148 2401 1356 2460 scutum
1375 2400 1496 2458 reli·

317 2479 492 2557 quiss'e.
521 2487 869 2564 praecipuum
908 2488 1213 2566 flagitium3
1270 2507 1371 2547 nec
1408 2503 1499 2546 aut
