1759 2992
359 127 471 190 188
567 140 1038 185 &connum
1076 118 1363 186 τΑέιτι

344 226 638 286 rebellione
675 228 846 285 totius
880 229 1196 287 Britanniae
1222 227 1380 308 supra
1406 243 1523 287 me·

342 313 553 371 moravi
573 355 591 385 ‚
634 313 874 390 redigere
910 316 969 371 in
994 312 1306 391 potestatem
1339 316 1524 378 animo

342 398 605 460 intendit.
651 397 736 457 sed
770 394 909 458 utin
932 398 1113 458 dubiis
1132 398 1395 475 consiliis,
1428 417 1524 458 na·

341 503 439 542 ves
472 479 735 557 'deerant,
776 486 919 542 ratio
948 498 1002 541 et
1034 483 1340 543 constantia
1371 486 1526 545 ducis

341 566 673 627 transvexit=
711 568 966 647 depofitis
989 573 1245 628 omnibus
1282 570 1531 644 sarcinis),

343 653 643 713 leftiffimos
667 656 1033 725 auxiliarium,
1056 656 1252 733 quibus
1274 670 1406 714 nota
1429 677 1533 715 va-

341 739 432 812 da,
457 755 513 797 et
542 742 750 817 patrius
783 740 951 799 nandi
970 739 1116 812 usus,
1142 759 1253 818 quo
1275 738 1428 798 fimul
1447 740 1534 798 se·

342 844 451 903 que
465 841 520 883 et
540 845 688 885 arma
708 841 766 884 et
786 844 959 905 equos
973 841 1191 902 regunt,
1215 829 1287 883 ita
1304 838 1534 903 tepente

345 910 591 986 immisit,
614 910 1253 992 utobstupefaetihostes,
1278 912 1373 990 qui
1398 909 1540 970 clas-²

343 994 475 1069 sem,
500 1000 597 1076 qui
622 1018 817 1072 naves,
845 999 943 1077 qui
959 1017 1105 1056 mare
1127 996 1530 1076 exspectabant,

346 1083 483 1140 nihil
512 1084 739 1142 arduum
769 1098 862 1140 aut
902 1086 1168 1141 invictum
1204 1082 1534 1142 crediderint

343 1165 414 1226 fic
436 1167 502 1225 ad
518 1167 718 1225 bellum
736 1169 1105 1224 venientibus.
1155 1169 1230 1223 ita
1250 1169 1414 1243 petita
1432 1185 1535 1244 pa-

341 1270 401 1308 ee
416 1290 438 1324 ,
476 1269 540 1309 ac
561 1249 743 1310 dedita
765 1248 973 1323 insula,
1006 1250 1181 1308 clarus
1205 1269 1269 1308 ac
1292 1271 1530 1327 magnus

338 1337 521 1393 haberi
546 1335 827 1412 Agricolae
859 1337 1062 1414 quippe
1084 1337 1170 1393 cui
1196 1336 1534 1411 ingredienti

337 1422 705 1500 provinciam,
729 1422 881 1500 quod
895 1434 1113 1500 tempus
1130 1421 1221 1479 alii
1238 1421 1535 1499 per'osten·

341 1503 609 1567 tationem
627 1523 720 1566 aut
741 1507 1049 1566 officiorum
1073 1508 1333 1565 ambitum
1359 1507 1534 1567 trans-

339 1594 523 1668 igunt,
541 1592 696 1652 labor
711 1608 767 1652 et
783 1593 1082 1673 periculum
1100 1589 1396 1671 placuisset.
1428 1614 1532 1653 nec

340 1677 603 1754 Agricola
626 1677 979 1759 prosperitate
1002 1679 1200 1736 rerum'
1222 1678 1282 1736 in
1316 1671 1532 1737 vanita-

340 1778 450 1821 tem
493 1762 613 1820 usus
636 1805 659 1837 ,
690 1762 1099 1840 expeditionem
1121 1777 1214 1820 aut
1242 1764 1531 1823 victoriam

337 1851 588 1922 vocabat,
615 1849 790 1905 victos
806 1846 1162 1905 continuisset
1188 1868 1256 1904 ne
1272 1847 1530 1907 laureatis

338 1932 556 2010 quidem
575 1930 715 2008 gesta
733 1929 1050 2009 prosecutus
1068 1930 1170 2003 est;
1198 1932 1284 1991 sed
1303 1933 1411 2013 ipsa
1426 1932 1530 1991 dis-

337 2017 677 2077 fimulatione
715 2016 889 2076 famae
919 2016 1117 2076 famam
1150 2021 1304 2076 auxit
1323 2062 1341 2092 ,
1379 2018 1529 2078 aesti-

338 2103 616 2163 mantibus
640 2118 848 2181 quanta
876 2102 1048 2162 futuri
1085 2101 1175 2181 spe
1196 2119 1306 2162 tam
1333 2125 1532 2181 magna

338 2189 600 2249 tacuisset.
692 2193 948 2264 Ceterum
964 2191 1274 2261 animorum
1292 2193 1514 2268 provin·
1542 2203 1617 2264 19

336 2278 454 2332 ciae
470 2273 735 2351 prudent„
757 2273 1019 2354 ssmulque
1033 2274 1223 2332 doetus
1244 2295 1338 2353 per
1353 2276 1530 2334 aliena

334 2362 736 2438 experimenta,
761 2379 948 2438 parum
971 2358 1161 2439 profici
1178 2362 1363 2428 armis,
1388 2359 1423 2418 fi
1442 2361 1526 2416 in·-

326 2439 510 2519 juuiac
543 2442 898 2525 sequerentur
916 2488 938 2523 ,
978 2443 1180 2507 cauffas
1217 2446 1484 2516 bellorum
1506 2488 1526 2518 ,
